1963 3126
119 413 123 416 ι
305 357 419 402 Cum
456 357 545 403 hoc
582 371 671 402 usu
708 356 917 403 cohaeret
954 372 1008 402 ea
1045 358 1180 411 ratio,
1220 362 1271 402 ut
1307 356 1552 415 Antiphon
1589 357 1734 402 verba

186 431 266 484 ἐγὼ
297 431 343 472 δὲ
373 429 584 487 proferat,
617 429 784 486 quibus
815 430 865 473 in
895 431 1180 487 praegressis
1208 443 1301 473 non
1327 431 1606 485 respondent
1626 430 1735 472 οὗτοι

181 501 268 556 μὲν,
301 513 578 556 quamquam
610 501 780 556 optime
802 499 939 544 scribi
959 504 1216 556 potuerunt.
1265 499 1418 556 Atque
1439 499 1527 544 hoc
1548 500 1732 556 quidem

185 570 428 627 praecipue
459 571 509 613 in
539 569 791 624 tetralogiis
824 571 1028 621 occurrit,
1061 570 1229 626 quippe
1261 583 1364 613 cum
1386 571 1435 612 in
1456 569 1529 613 his
1550 569 1732 626 potissi-

185 654 311 684 mum
349 641 595 684 accusatio·
612 643 655 683 et
685 641 918 696 responsio
950 641 1112 684 acriter
1144 639 1232 683 sibi
1264 639 1531 683 obiciantur.
1593 638 1733 682 Velut

185 712 237 754 H
255 711 458 764 34,3-5‚1
482 713 577 768 φασὶ
598 743 608 752 .
628 743 637 752 .
657 743 666 752 .
690 712 770 764 ἐγὼ
792 712 838 752 δὲ
859 743 869 752 .
889 743 898 752 .
918 743 928 752 .
952 712 1077 764 δοκῶ;
1104 710 1434 754 eiusdemmodi
1455 711 1534 753 III
1553 726 1577 763 γ
1591 709 1732 761 5‚3-6;

185 780 245 824 ib.
279 779 422 833 7,3-8;
453 781 518 824 IV
538 781 571 835 β
599 779 742 832 3,1-4;
775 797 800 834 γ
826 779 961 832 4,l-4.

303 850 359 895 In
391 855 518 895 oratt.
552 851 643 894 tale
675 854 823 894 exstat
853 852 891 894 V
923 850 1074 902 39‚1-2
1107 883 1116 893 .
1141 883 1151 892 .
1175 883 1185 892 .
1208 852 1305 893 τάδε
1335 851 1509 905 λέγουσιν
1541 881 1551 891 .
1575 882 1585 891 .
1609 882 1619 891 .
1652 851 1732 903 ἐγὼ

186 923 232 964 δέ
262 939 370 981 φημι.
423 920 526 965 Huc
557 924 766 978 spectant
797 920 988 965 fortasse
1019 920 1133 965 haec
1162 921 1316 964 minus
1348 921 1587 977 perspicue
1611 933 1732 963 com-

186 996 348 1047 parata
378 994 404 1035 I
435 992 578 1044 5‚3-4;
609 994 646 1035 V
677 992 849 1043 85,4-5;
881 991 1074 1043 93,8-11.

841 1320 924 1376 μὲν
942 1345 995 1349 ——
1015 1320 1076 1362 δὲ.

298 1413 478 1467 μὲν-δὲ
508 1411 756 1468 particulae
787 1412 835 1455 in
867 1425 1022 1456 earum
1053 1425 1240 1455 numero
1273 1415 1400 1463 sunt,
1438 1411 1604 1468 quibus
1636 1425 1733 1455 am-

186 1480 398 1537 plissima
418 1482 705 1537 maximeque
726 1482 855 1525 varia
877 1482 935 1525 ab
957 1480 1246 1538 Antiphonte
1269 1483 1377 1525 data
1399 1485 1466 1524 est
1482 1482 1730 1537 provincia.

190 1550 339 1605 Vulgo
372 1553 429 1594 iis
461 1552 713 1595 sententiae
745 1551 832 1595 sibi
864 1555 1158 1607 opponuntur
1179 1556 1314 1608 atque
1336 1552 1413 1603 ita,
1444 1555 1495 1594 ut
1514 1551 1733 1595 membris

187 1620 489 1678 comparibus,
533 1621 662 1664 alteri
700 1622 773 1678 μὲν
816 1621 946 1665 alteri
990 1622 1048 1670 δὲ,
1090 1619 1350 1676 affigantur.
1413 1620 1732 1665 Rhamnusius

189 1705 294 1735 vero
328 1691 566 1747 aliquoties
594 1691 658 1734 ita
680 1705 707 1734 a
728 1692 937 1734 sollemni
957 1691 1132 1734 ratione
1153 1692 1334 1742 recedit,
1356 1696 1407 1735 ut
1426 1692 1529 1735 illas
1553 1691 1732 1735 duobus

186 1761 337 1805 verbis
373 1761 509 1804 unius
543 1761 833 1816 eiusdemque
865 1760 1116 1804 sententiae
1139 1760 1344 1804 subiciat.
1397 1760 1539 1805 Velut
1558 1763 1638 1805 III
1660 1763 1686 1803 ὃ
1705 1762 1732 1804 2

188 1833 320 1890 ἀληθῆ
346 1833 432 1888 μέν,
464 1834 583 1874 λεπτὰ
616 1834 661 1874 δὲ
692 1835 753 1874 καὶ
784 1833 948 1890 ἀκριβῆ;
979 1833 1042 1875 IV
1072 1833 1105 1886 β
1123 1831 1149 1876 3
1182 1833 1246 1874 ὑπ’
1275 1834 1370 1888 ἐμοῦ
1387 1833 1473 1888 μέν,
1497 1833 1655 1883 δικαίως
1674 1833 1731 1875 δὲ.

187 1901 273 1945 His
311 1902 501 1945 strictim
539 1902 902 1945 commemoratis
934 1902 993 1945 ad
1024 1914 1077 1945 ea
1107 1905 1417 1953 transeamus,
1456 1902 1620 1958 quibus
1652 1917 1734 1958 po-

112 2026 115 2029 *
186 1973 417 2016 tissimum
448 1973 701 2028 proprietas
734 1971 1051 2028 Antiphontea
1082 1971 1447 2028 deprehenditur.

303 2042 409 2087 Non
441 2043 579 2087 semel
612 2045 994 2095 commonuimus,
1031 2057 1169 2100 quam
1200 2042 1291 2087 late
1321 2048 1476 2101 pateat
1508 2042 1734 2087 antitheta

190 2113 415 2158 efficiendi
438 2114 727 2157 consuetudo.
772 2112 870 2156 Iam
892 2114 1151 2157 videbimus
1169 2116 1228 2157 ad
1244 2114 1367 2158 hunc
1383 2129 1517 2158 usum
1535 2129 1561 2158 a
1577 2119 1733 2158 nostro

189 2185 327 2228 etiam
353 2185 532 2241 μὲν-δὲ
562 2183 810 2240 particulas
842 2183 1062 2236 adhiberi,
1094 2188 1230 2240 atque
1261 2186 1325 2229 ita
1358 2186 1556 2243 quidem,
1588 2190 1639 2229 ut
1660 2186 1732 2241 μὲν

187 2255 377 2298 voculae
407 2255 591 2308 negatio
623 2253 889 2297 subiciatur(
945 2253 1211 2297 Cuiusmodi
1243 2259 1350 2298 sunt
1381 2256 1417 2298 V
1448 2255 1548 2307 39,3
1581 2257 1660 2310 ἐγὼ
1687 2256 1734 2296 δέ

186 2342 282 2383 φημι
313 2328 435 2367 ταῦτα
461 2325 546 2381 μὲν
578 2326 629 2367 οὐ
660 2325 783 2379 λέγειν
811 2325 944 2373 αὐτόν,
977 2326 1034 2367 ὅτι
1056 2325 1101 2367 δὲ
1122 2327 1213 2376 κτλ.;
1235 2325 1387 2377 5524))
1410 2328 1452 2367 τὸ
1470 2327 1555 2382 μὲν
1577 2330 1731 2383 πρῶτον

186 2397 261 2454 οὐχ
289 2395 412 2453 ηὗρον
426 2427 435 2436 .
452 2426 462 2436 .
479 2427 503 2443 .,
529 2396 698 2452 ὕστερον
729 2396 794 2446 ὃέ;
817 2396 927 2438 item
948 2394 1068 2447 63,3;
1089 2394 1261 2447 68,8-9;
1284 2395 1459 2447 82,6-7;
1480 2397 1543 2439 VI
1565 2395 1730 2447 29,5-6,

186 2466 266 2510 ubi
292 2467 366 2523 μὲν
398 2466 618 2510 omissum
650 2469 729 2510 est.

305 2536 465 2593 Aeque
496 2537 544 2580 in
575 2536 737 2581 tetrall.
770 2538 823 2581 II
846 2554 869 2592 γ
889 2536 978 2589 9,4;
1009 2538 1087 2581 III
1109 2554 1135 2579 α
1157 2537 1299 2589 2,2-3;
1330 2539 1362 2592 β
1380 2537 1470 2589 7,7;
1497 2536 1637 2590 8‚5-6;
1662 2536 1727 2588 10,

186 2607 282 2659 5-6;
313 2607 451 2663 paulo
473 2608 603 2652 aliter
626 2607 955 2652 conformatum
977 2612 1045 2652 est
1065 2610 1117 2652 II
1137 2610 1170 2663 β
1192 2608 1288 2662 102
1321 2611 1478 2659 εἰκότως
1490 2610 1574 2665 μὲν,
1608 2608 1729 2658 ὅπως

186 2680 231 2720 δὲ
257 2677 314 2736 μὴ
347 2677 419 2729 (cf.
453 2677 497 2721 H
529 2677 706 2731 3102).

303 2747 448 2792 Paulo
487 2752 592 2792 ante
631 2749 907 2805 explicatum
946 2753 1013 2793 est
1044 2751 1224 2806 μὲν-δὲ
1261 2751 1306 2792 vi
1339 2749 1598 2805 opponendi
1630 2762 1728 2792 esse

186 2819 427 2875 praeditas.
472 2817 613 2874 Apud
635 2822 844 2862 nostrum
865 2832 972 2862 vero
995 2823 1077 2872 est,
1113 2819 1191 2863 ubi
1212 2820 1392 2875 proprie
1409 2819 1463 2861 iis
1481 2819 1729 2862 enuntiatis
