1963 3126
858 255 1091 294 -39-

196 358 390 410 πολλάκιςς
426 357 544 411 13,5;
575 357 727 410 22,4-5
761 357 869 415 ὑμεῖς
897 360 943 402 δὲ
973 357 1021 402 οὐ
1042 364 1118 401 τῶν
1140 361 1446 402 ἀποκτεινάντων
1467 359 1559 402 ἐστὲ
1579 359 1743 418 βοηιῖοί,

196 429 294 470 ἀλλὰ
309 459 319 470 .
336 460 345 470 .
362 460 371 470 .
406 434 481 471 τῶν
505 428 850 487 ἀποθνησκόντωνς
882 429 1004 482 26,8;
1038 428 1210 482 28,4·6;
1241 430 1279 473 V
1300 429 1453 480 22,3-4
1474 430 1588 473 οὔτε.
1604 462 1614 471 .
1631 461 1641 471 .
1665 432 1743 472 ἀπὸ

195 502 445 557 παρασκευῆς
458 497 653 555 οὐδεμιᾶς,
676 498 761 541 ἀλλ’
779 500 934 556 ἀνάγκῃ
944 501 1210 558 χρησάμενοι;
1231 498 1290 542 ib.
1314 498 1415 550 6-8;
1433 498 1552 551 29,6;
1567 499 1741 551 41,4-5;

194 567 315 619 69,4;
346 567 498 620 71,6-7
525 571 583 625 μὴ
613 569 682 611 οὖν
713 570 881 626 ὕστερον
911 573 1026 612 τοῦτο
1059 575 1231 623 γνῶτε..
1248 605 1274 621 ..,
1302 571 1401 611 ἀλλὰ
1422 569 1616 626 πρότερον
1640 571 1675 624 γ’
1697 571 1743 612 εὖ

193 637 493 692 βουλεύσασθε;
525 636 727 690 94,9-10;
759 639 822 682 VI
856 637 944 691 1,6;
976 638 1120 691 7,6-7;
1155 637 1304 691 18,4-5
1337 637 1410 681 οὐκ
1438 640 1479 681 ἐν
1500 643 1579 689 τοῖς
1596 640 1743 682 τούτων

196 707 309 763 (scil.
333 708 582 767 κατηγόρων)
605 710 754 764 λόγοις.
773 744 780 752 .
799 744 823 761 .‚
846 709 930 751 ἀλλ’
952 712 992 751 ἐν
1013 713 1070 767 τῷ
1086 710 1224 766 δικαίῳ
1241 712 1376 766 καὶτῷ
1393 709 1552 768 ἀληθεῖς
1575 710 1748 761 24,5-6’.-’

309 778 465 836 Atque
494 768 589 822 non
624 780 815 830 ,,ε’λα’σσω,
847 778 946 822 ἀλλὰ
977 781 1073 822 πολὺ
1104 781 1260 829 πλείω,“
1294 783 1346 823 ut
1376 780 1440 823 ita
1472 780 1634 832 dicam,
1663 793 1740 824 ex-

195 849 346 906 empla
382 848 589 892 invenies
620 849 669 892 in
700 848 880 901 tetrall„
914 849 1080 906 quippe
1112 863 1223 893 cumv
1248 851 1296 893 in
1329 863 1483 893 earum
1512 854 1742 894 contracta

195 924 238 963 et
275 920 460 963 astricta
490 919 842 973 argumentandi
871 919 1046 964 ratione
1076 919 1292 964 brevibus
1315 919 1552 964 antithetis
1574 921 1742 977 optime

193 990 520 1034 sententiarum
556 991 736 1047 pondus
769 990 1070 1047 dignitasque
1090 989 1331 1043 efficiatur,
1372 990 1423 1034 cf.
1457 993 1510 1035 II
1541 1009 1567 1034 α
1589 991 1681 1043 7,5;
1712 993 1745 1046 β

193 1060 261 1113 5,1
296 1060 369 1103 οὐκ
398 1060 574 1111 ἀπεικός.
594 1095 644 1112 ..,
676 1059 775 1103 ἀλλὰ
807 1063 924 1111 εἷκὸς;
959 1060 1058 1113 128
1089 1063 1136 1104 ου’
1168 1061 1432 1117 δικαζόμενον,
1466 1061 1737 1119 ἀλλ”ἐργαζό-

187 1147 326 1187 μενονς
362 1148 386 1186 γ
410 1131 500 1183 6,1;
537 1130 627 1183 8‚5;
660 1131 719 1175 ib.
747 1130 802 1175 10
834 1130 906 1186 (cf.
929 1130 951 1174 I
973 1130 1164 1183 28,4-6);
1197 1132 1223 1173 ὃ
1243 1130 1333 1183 3,3;
1367 1131 1465 1183 102
1488 1131 1559 1187 (cf.
1587 1131 1740 1186 r8‚5);

192 1204 271 1246 III
301 1203 334 1257 β
362 1201 504 1254 3,4-5;
537 1201 679 1254 7,2-3;
713 1201 882 1254 11,3·4;
918 1219 942 1256 r
970 1201 1090 1253 7‚6·7
1124 1203 1219 1245 οὐδὲ
1250 1203 1413 1260 ἀφανής,
1447 1204 1546 1244 ἀλλὰ
1577 1204 1640 1244 καὶ
1658 1203 1741 1245 λίαν

192 1275 381 1330 φανερὸςς
422 1272 538 1324 11,5;
579 1274 605 1314 (ῗ
634 1272 724 1325 9,2;
758 1272 852 1324 10,1
888 1276 932 1316 et
960 1272 1059 1324 4-73
1090 1273 1154 1334 IV
1183 1274 1217 1326 β
1245 1272 1337 1325 2,5;
1370 1271 1491 1316 idem
1523 1272 1612 1325 3.,7;
1646 1291 1670 1328 Τ
1698 1273 1739 1325 3,

196 1342 290 1394 1-23
326 1344 352 1385 ὃ
381 1342 464 1394 6,1.
1524 1343 1527 1345 ’

309 1411 565 1457 Videamus
603 1425 745 1456 nunc&
765 1413 820 1456 de
858 1411 1173 1456 coniunctione
1205 1413 1251 1456 οὐ
1278 1413 1412 1469 μόνον,
1445 1415 1543 1455 ἀλλὰ
1575 1416 1648 1461 καὶ,
1682 1413 1739 1458 de

193 1497 284 1539 qua
313 1496 407 1526 non
437 1481 786 1534 multa'habem
826 1496 941 1539 quae
973 1483 1134 1526 dicam.
1198 1481 1403 1526 Primum
1435 1482 1620 1540 quidem
1651 1483 1739 1527 hoc

195 1553 621 1597 commemoratione
654 1553 843 1607 dignum
867 1552 983 1596 mihi
1004 1552 1199 1604 videtur,
1231 1554 1351 1609 quod
1372 1552 1614 1609 Antiphon
1636 1567 1737 1597 eam

193 1623 343 1667 studio
375 1624 573 1679 quodam
595 1623 896 1678 amplectitur,
929 1626 979 1665 ut
1000 1622 1202 1666 oratione
1224 1622 1372 1666 divisa
1392 1622 1497 1678 plus
1519 1623 1736 1680 ponderis

193 1692 351 1737 afferat
382 1693 620 1737 sententiis
650 1694 916 1748 animosque
937 1693 1139 1736 iudicum
1160 1692 1478 1737 vehementius
1500 1694 1733 1749 percutiat.

195 1763 335 1807 Cuius
366 1763 554 1807 rationis
586 1762 998 1806 luculentissimum
1030 1763 1288 1819 exemplum
1311 1767 1460 1806 exstat
1480 1764 1542 1807 VI
1563 1763 1619 1807 33
1642 1766 1735 1806 ἀπο-

193 1834 309 1882 δείξω
340 1836 424 1890 ὑμῖν
453 1835 545 1884 τοὺς
573 1834 837 1892 κατηγόρους.
854 1865 889 1875 ..
920 1834 1052 1884 ἀξίους
1080 1835 1126 1877 οὐ
1153 1835 1274 1890 μόνον
1305 1834 1369 1876 ὑπ’
1401 1836 1496 1890 ἐμοῦ
1522 1836 1737 1890 μισεῖσθαι,

193 1906 291 1946 ἀλλὰ
323 1907 384 1946 καὶ
415 1905 481 1961 ὑφ’
504 1906 611 1961 ὑμῶν
632 1907 803 1956 πάντωνς
835 1918 916 1960 per
937 1917 985 1948 se
1006 1907 1133 1960 patet
1154 1908 1440 1948 accusatores
1463 1905 1590 1961 apud·
1609 1918 1738 1948 reum

193 1988 369 2018 summo
401 1975 450 2018 in
482 1975 586 2018 odio
620 1988 732 2028 esse,
763 1975 828 2018 ita
858 1978 910 2018 ut
937 1988 1083 2031 paene
1105 1973 1387 2031 superfluum
1409 1975 1574 2018 sithoc
1594 1989 1738 2019 mem-

191 2046 344 2098 brum;
367 2047 448 2089 sed
468 2046 718 2101 praemittit
735 2050 898 2098 orator,
919 2050 970 2090 ut
987 2046 1171 2090 alterius
1188 2046 1462 2101 gravitatem
1479 2051 1749 2101 exaggeret.-

192 2115 434 2172 Proprium
465 2120 700 2171 praeterea
732 2120 814 2168 est„
846 2117 967 2172 quod
998 2131 1092 2159 non
1124 2117 1263 2160 semel
1296 2119 1342 2159 οὐ
1369 2118 1490 2172 μόνον
1513 2117 1578 2159 ita
1601 2116 1738 2160 collo-

193 2191 335 2239 catur,
366 2190 417 2229 ut
447 2186 611 2230 vocula
636 2188 757 2243 μόνον
789 2187 829 2230 ei
859 2186 1016 2234 verbo,
1055 2187 1178 2242 quod
1209 2188 1444 2242 premitur,
1476 2187 1735 2230 subiciatur.

192 2256 332 2300 Velut
362 2257 398 2300 V
429 2256 486 2300 60
517 2258 592 2316 οὐχ
622 2258 719 2315 ὑπὲρ
750 2259 892 2299 ἑαυτοῦ
918 2258 1052 2313 μόνον.
1106 2255 1298 2312 Saepius
1323 2258 1370 2300 in
1394 2257 1558 2300 tetrall.
1592 2257 1739 2311 11234

187 2330 243 2387 μὴ
275 2330 562 2383 ἀπολογεῖσθαι
588 2329 709 2385 μόνον
739 2329 989 2385 βιαζόμενος;
1021 2329 1100 2372 III
1132 2329 1158 2370 ὃ
1176 2328 1223 2380 ’ῖς
1256 2329 1321 2372 IV
1352 2329 1385 2383 β
1406 2328 1441 2372 l.

930 2589 995 2629 δὲ.

309 2681 457 2739 Supra
487 2683 761 2735 monuimus,
798 2696 934 2739 quam
965 2681 1161 2739 simplex
1193 2683 1253 2727 sit
1283 2683 1398 2726 ratio
1420 2680 1734 2737 Antiphontea

193 2757 343 2808 partes
366 2754 583 2797 orationis
606 2755 870 2797 conectendi
891 2758 1024 2810 atque
1046 2752 1376 2797 affirmavimus
1396 2765 1579 2796 causam
1596 2750 1732 2794 huius

192 2824 257 2866 rei
286 2824 335 2867 in
367 2838 549 2868 coesse
580 2824 792 2880 positam,
824 2824 947 2881 quod
978 2824 1154 2880 priscae
1184 2823 1252 2867 ilh'
1283 2824 1367 2867 arti
1396 2822 1628 2874 oratoriae,
1660 2826 1731 2865 ut-
