1963 3126
870 198 1105 237 „18—

213 307 390 348 motum
422 317 507 348 nec
539 321 575 347 τι
602 305 767 349 vocula
798 307 1030 363 ἐξαμαρτεῖν
1051 305 1194 350 verbo
1215 305 1391 360 regenti
1413 306 1625 362 apposita
1646 307 1707 349 sit
1720 308 1766 360 ¹),

214 388 402 418 causam
442 389 544 419 eam
582 389 681 420 esse
721 375 900 432 opinor,
940 377 1064 432 quod
1096 378 1162 419 καί
1190 378 1263 419 πού
1294 393 1327 418 τι
1358 378 1420 418 καὶ
1449 380 1687 432 tamquam
1719 377 1768 419 in

212 445 455 493 formulam
503 446 654 490 abisse
700 447 892 490 videtur.
957 445 1202 491 Simillima
1248 447 1369 491 enim
1411 446 1578 491 locutio
1617 450 1768 491 exstat

214 515 356 561 Thuc.
389 517 436 563 II
467 516 568 568 872
607 550 616 559 .
634 518 752 560 ..καί
785 518 859 560 πού
897 534 930 560 τι
967 520 1029 560 καὶ
1065 520 1089 575 ὴ·
1127 519 1286 576 ἀπειρία
1316 516 1406 568 τοὺς
1435 522 1591 575 πρῶτον
1622 534 1765 574 ναυμα-

214 592 381 646 χοῦντας
416 588 599 646 ἔσφηλεκ
641 586 781 644 Soph.
817 586 936 630 Phil.
971 587 1077 631 308:
1118 590 1269 630 ἐλεοῦσι
1301 589 1387 644 μέν,
1427 589 1493 629 καί
1526 589 1599 629 πού
1637 605 1669 629 τι
1707 590 1769 629 καὶ

213 653 500 716 βορᾶςμέρος
530 659 788 716 προσέδοσαν.
843 656 1085 701 simillime
1116 663 1365 715 usurpatur
1395 658 1446 700 οὔ
1473 658 1510 700 τί
1527 674 1601 700 που
1623 656 1763 714 Soph.

214 728 321 772 Ant.
347 727 452 778 381;
486 727 607 771 Phil.
634 728 758 772 1233.
784 755 841 759 —
879 728 1012 771 Alter
1041 728 1169 771 locus
1202 733 1271 772 est
1291 731 1343 772 II
1363 729 1396 783 β
1414 728 1455 780 6,
1486 727 1567 771 ubi
1589 728 1766 771 codices

212 798 450 854 praebent:
493 801 527 840 εἰ
563 800 609 840 δὲ
641 800 698 856 μὴ
736 801 797 840 καὶ
835 800 895 840 ἐπὶ
932 803 1011 848 τοῖς
1046 799 1208 854 ἱματίοις
1243 800 1457 857 διεφθάρη,
1496 797 1574 840 ἀλλ’
1609 799 1771 855 ἑτέρους

212 871 306 926 ι’ὃὼν
337 870 432 911 ἄλλο
465 886 497 911 τι
525 872 642 911 κακὸν
664 872 879 919 ποιοῦντας,
913 870 973 910 ἵνα
989 870 1045 926 μὴ
1063 871 1236 927 μηνυτὴς
1254 873 1322 911 τοῦ
1345 871 1584 927 ἀδικήματος
1599 869 1765 927 γένηται,

212 940 412 982 ἀπέθανεν
451 939 508 981 ὑπ’
544 942 692 987 αὐτῶν,
725 941 780 989 τίς
808 941 909 990 (ᾖδες
942 938 1165 982 Reiskius
1199 953 1393 995 cumque
1426 953 1476 983 eo
1508 938 1692 994 Kayser
1723 943 1768 983 et

210 1008 526 1053 Jernstedtius
558 1013 940 1065 transposuerunt
972 1012 1006 1052 εἰ
1037 1010 1082 1051 δὲ
1114 1011 1176 1051 καὶ
1198 1011 1264 1067 μὴ.
1319 1008 1637 1053 Consideranti
1657 1022 1765 1053 vero

211 1079 340 1123 illam
363 1094 503 1137 quam
526 1080 717 1136 exposui
739 1079 1044 1136 Antiphontis
1068 1080 1446 1123 consuetudinem
1471 1080 1597 1123 codd.
1624 1079 1766 1136 scrip-

214 1150 314 1195 tura
346 1165 460 1196 sana
491 1152 701 1208 iustaque
733 1165 831 1196 esse
862 1151 1109 1196 videbitur.

330 1220 588 1265 Veniamus
628 1235 751 1265 nunc
790 1222 849 1265 ad
888 1220 1028 1265 aliam
1067 1221 1405 1277 proprietatem.
1476 1223 1513 1265 V
1550 1221 1606 1266 38
1644 1222 1766 1265 enim

212 1294 435 1347 scriptum
466 1293 678 1336 videmus
711 1295 773 1334 καὶ
805 1306 908 1349 cum
939 1293 1021 1334 εἶτα
1052 1292 1100 1335 in
1133 1291 1231 1350 κᾷτα
1264 1291 1512 1335 conflatum
1544 1296 1678 1348 atque
1700 1293 1762 1336 ita

212 1363 413 1418 quidem,
445 1366 496 1405 ut
526 1361 614 1405 hac
646 1376 757 1406 voce
791 1363 910 1405 duae
942 1363 1144 1405 actiones
1176 1362 1432 1405 secundum
1453 1366 1636 1418 tempus
1659 1376 1765 1405 con—

210 1433 459 1475 tinuentur.
523 1432 593 1475 Ea
632 1436 786 1476 autem
818 1437 887 1476 est
918 1432 1015 1490 κᾷτα
1048 1431 1246 1482 voculae,
1270 1434 1408 1484 ratio,
1446 1435 1498 1476 ut
1529 1433 1653 1488 apud
1686 1447 1765 1489 op-

210 1503 347 1547 timos
380 1504 622 1559 scriptores
654 1507 837 1553 tantum
868 1504 917 1546 in
939 1503 1285 1557 indignantium
1306 1502 1663 1558 interrogatione
1685 1517 1765 1559 po-

211 1578 347 1616 natur
369 1588 411 1602 =
439 1574 589 1624 „itane
610 1580 762 1624 vero⁶⁴,
790 1574 912 1623 „also
934 1572 1217 1625 wi1·klich?“,
1241 1573 1366 1628 apud
1388 1572 1502 1616 alios
1525 1573 1764 1628 quosdam,

212 1644 391 1687 etiamsi
422 1644 667 1696 rarissime,
701 1645 943 1700 participio
977 1644 1296 1699 subiungatur,
1333 1647 1384 1687 ut
1416 1643 1583 1687 arctius
1607 1657 1765 1687 conec-

210 1718 367 1757 tantur
398 1715 630 1769 participii
662 1718 707 1756 et
736 1714 867 1757 verbi
898 1713 1019 1757 finiti
1050 1714 1308 1766 actiones2).
1358 1713 1603 1768 Antiphon
1624 1714 1766 1767 igitur

211 1785 260 1827 in
292 1785 328 1827 V
361 1783 418 1828 38
450 1787 486 1826 οἱ
512 1786 585 1840 μὲν
608 1785 716 1827 ἄλλοι
731 1818 740 1826 .
757 1817 766 1826 .
784 1817 792 1826 .
817 1786 1016 1827 κλέπτουσι
1038 1784 1115 1843 κᾷτ’
1141 1785 1368 1842 ἀφανίζουσι
1388 1782 1647 1827 liberiorem
1669 1784 1766 1827 Sive

211 1854 455 1907 vulgarem
479 1855 662 1899 dicendi
685 1855 1065 1898 consuetudinem
1087 1858 1271 1898 secutus
1295 1867 1393 1897 esse
1415 1853 1611 1905 videtur,
1635 1855 1764 1896 cuius

210 1923 337 1968 haud
370 1938 517 1980 pauca
551 1924 764 1980 exempla
794 1926 843 1968 in
875 1925 1160 1968 sermonibus
1188 1924 1530 1979 tragoediarum
1551 1924 1763 1979 reperies.

330 1993 447 2036 Cum
463 1994 805 2049 neglegentiore
827 1995 1042 2038 orationis
1061 1994 1417 2038 conformandae
1434 1993 1610 2038 ratione
1627 1994 1765 2036 etiam

210 2064 324 2106 illud
356 2069 478 2106 arcte
511 2063 737 2115 cohaeret,
771 2065 891 2120 quod
924 2064 1169 2120 Antiphon
1202 2063 1513 2119 compluribus
1544 2064 1764 2107 membris

211 2135 471 2184 ἀσυνὸετικῶς
511 2138 562 2177 111
598 2134 663 2177 ita
701 2135 852 2178 dicam
890 2136 1120 2179 adiunctis
1159 2139 1360 2179 extremo
1400 2136 1462 2176 καὶ
1498 2135 1761 2189 praemittit.

211 2203 332 2247 Nam
355 2208 434 2247 aut
455 2204 798 2260 polysyndeton
816 2210 996 2261 ponunt
1013 2204 1191 2257 Graeci,
1209 2206 1258 2248 id
1276 2205 1396 2261 quod
1412 2204 1762 2248 usitatissimum

211 2279 292 2326 est,
331 2280 410 2318 aut
441 2289 630 2331 prorsus
663 2277 934 2331 asyndeton.
999 2277 1061 2320 VI
1094 2276 1150 2320 39
1174 2281 1323 2320 exstat
1345 2277 1407 2317 καὶ
1422 2276 1524 2331 μετὰ
1546 2278 1658 2317 τοῦτο
1681 2293 1763 2318 συν-

211 2339 309 2403 ῆσιὶν
335 2363 405 2402 μοι
436 2348 498 2388 καὶ
529 2347 748 2400 διελέγοντο
781 2348 821 2388 ἐν
853 2351 932 2397 τοῖς
959 2349 1090 2404 ἱεροῖς,
1124 2349 1163 2389 ἐν
1185 2350 1230 2404 τῇ
1253 2348 1399 2404 ἀγορᾷ,
1429 2347 1469 2386 ἐν
1490 2348 1535 2402 τῇ
1557 2347 1629 2403 ἐμῇ
1651 2346 1763 2404 οἷκίᾳ,

211 2418 252 2458 ἐν
283 2420 328 2472 τῇ
360 2418 535 2474 σφετέρᾳ
567 2419 697 2459 αὐτῶν
729 2419 802 2458 καὶ
832 2418 1002 2473 ἑτέρωθι
1033 2421 1247 2476 πανταχοῦ.

330 2484 467 2528 Ν11116
505 2486 752 2528 dicendum
789 2486 970 2529 videtur
1010 2488 1066 2529 de
1103 2488 1221 2529 mira
1258 2486 1367 2528 sede
1404 2487 1466 2526 καὶ
1500 2484 1762 2540 particulae.

210 2555 406 2600 Duobus
440 2555 563 2598 enim
593 2555 705 2599 locis
738 2569 794 2598 cx
826 2557 1063 2600 enuntiato
1095 2556 1312 2612 primario
1344 2559 1519 2598 remota
1549 2555 1596 2599 in
1619 2570 1764 2599 enun-

210 2626 377 2670 tiatum
416 2626 661 2684 relativum
698 2626 977 2682 transposita
1015 2630 1094 2671 est.
1158 2628 1195 2670 V
1225 2626 1254 2670 4
1292 2625 1513 2681 scriptum
1551 2639 1648 2670 esse
1687 2639 1764 2670 ex-

308 2722 334 2765 1)
363 2722 408 2755 ef.
437 2722 494 2756 VI
521 2723 537 2755 1
567 2719 644 2755 ἀλλ’
672 2720 710 2755 εἴ
728 2733 792 2760 τις
817 2722 871 2755 καὶ
897 2723 1069 2767 συμφορὰ
1095 2723 1259 2767 γίγνοιτο.

306 2780 333 2823 2)
361 2781 407 2814 cf.
434 2780 611 2823 Madvig,
637 2780 748 2825 Synt.
776 2780 810 2814 d.
837 2790 894 2823 gr.
923 2781 1008 2824 Spr.
1036 2780 1192 2825 §175ax
1219 2778 1286 2814 185
1312 2779 1480 2814 Α11111.6.
