1963 3126
855 778 1133 826 VITA.

339 985 489 1030 Natus
528 1000 631 1029 sum
663 985 922 1029 Guilelmus
954 985 1215 1030 Rosenthal
1247 987 1319 1029 die
1351 984 1492 1028 XXV
1525 1000 1585 1029 m.
1618 985 1765 1041 April.

223 1071 261 1100 a.
294 1056 339 1100 h.
374 1070 406 1099 s.
442 1055 575 1098 LXV
605 1057 653 1098 in
675 1055 909 1099 Marchiae
932 1055 1161 1112 oppidulo,
1194 1055 1265 1099 cui
1286 1069 1454 1098 nomen
1477 1060 1547 1098 est
1566 1054 1769 1107 Zehden,

222 1130 350 1183 patre
374 1125 537 1170 Oarolo
564 1131 711 1169 matre
731 1125 943 1169 Carolina
967 1140 990 1169 e
1011 1130 1147 1180 gente
1169 1125 1393 1177 Reichelt,
1425 1125 1590 1182 quibus
1613 1139 1769 1182 super-

224 1195 407 1239 stitibus
428 1195 584 1238 laetor,
636 1194 770 1238 Fidei
793 1195 1000 1238 addictus
1023 1210 1122 1238 sum
1146 1194 1450 1249 evangelicae.
1494 1195 1770 1239 Litterarum

224 1265 459 1309 elementis
491 1266 538 1308 in
571 1265 720 1320 patria
745 1265 952 1308 ‘imbutus
985 1265 1076 1308 adii
1105 1265 1161 1309 ab
1188 1279 1225 1309 a.
1249 1264 1295 1308 h.
1320 1280 1352 1308 s.
1378 1265 1634 1309 LXXVIII
1655 1265 1770 1309 real-

222 1335 516 1390 gymnasium
538 1333 952 1390 Sprembergiense,
983 1336 1105 1377 unde
1138 1349 1256 1377 anno
1278 1340 1381 1391 post
1401 1337 1450 1378 in
1472 1336 1769 1391 gymnasium

222 1404 640 1458 Regiomontanum
677 1404 855 1454 transii,
894 1404 966 1446 cui
1002 1407 1111 1446 tunc
1142 1409 1347 1459 praeerat
1380 1403 1572 1447 Carolus
1604 1403 1769 1447 Nauck

221 1473 277 1517 V.
320 1473 372 1517 D.
442 1473 561 1516 Vere
602 1487 639 1516 a.
682 1473 726 1516 h.
769 1487 802 1516 s.
848 1467 1104 1516 LXXXVI
1141 1474 1415 1517 maturitatis
1453 1474 1769 1517 testimonium

223 1545 415 1599 adeptus
446 1542 712 1586 Berolinum
749 1543 1073 1597 transmigravi
1111 1543 1368 1599 civiumque
1407 1544 1769 1587 academicorum

221 1615 269 1657 in
299 1627 540 1657 numerum
571 1618 778 1669 receptus
811 1628 926 1665 sum,
959 1614 1122 1656 studiis
1156 1613 1340 1657 Graecis
1373 1613 1554 1657 Latinis
1577 1613 1769 1657 Germa-

221 1684 335 1727 nicis
357 1683 583 1727 historicis
604 1682 936 1740 philosophicis
959 1696 1144 1739 operam
1167 1683 1367 1727 daturus.
1410 1682 1674 1727 Docuerunt
1695 1698 1768 1727 me

222 1754 307 1796 viri
330 1754 580 1797 doctissimi
603 1753 808 1805 Bastian,
840 1752 981 1805 Diels,
1009 1752 1215 1808 Dilthey,
1238 1752 1514 1804 Hirschfeld,
1536 1752 1768 1805 Huebner,

222 1822 433 1875 Jastmw„
456 1822 714 1874 Kirchhoff,
736 1822 951 1874 Koehler,
973 1822 1133 1875 Koser,
1157 1821 1371 1875 Paulsen,
1395 1823 1450 1866 de
1472 1821 1769 1876 Richthofen,

222 1893 415 1945 Robert,
452 1893 698 1948 Roediger,
737 1892 1003 1944 Rothstein,
1033 1893 1093 1936 E.
1124 1892 1353 1945 Schmidt,
1390 1894 1422 1937 I.
1455 1893 1679 1944 Schmidt,
1713 1895 1769 1936 de

221 1962 502 2015 Treitschke,
531 1962 730 2015 Vahlen,
753 1962 911 2008 Zeller.
965 1963 1380 2008 Exercitationibus
1402 1963 1585 2008 interfui
1607 1963 1769 2007 Dielsii

221 2033 545 2087 grammaticis,
570 2032 790 2078 Koehleri
811 2033 1049 2078 historicis.
1094 2033 1272 2088 Quibus
1294 2035 1404 2078 viris
1427 2048 1529 2078 cum
1554 2035 1769 2078 omnibus

222 2108 320 2147 tum
351 2104 550 2148 maxime
570 2102 744 2147 Dielsio
777 2108 822 2147 et
840 2104 1070 2148 Kochlero
1102 2106 1272 2159 gratias
1294 2119 1380 2159 ago
1404 2106 1765 2148 candidissimas.

223 2174 416 2219 Ineunte
449 2189 486 2219 a.
522 2174 565 2218 h.
601 2189 634 2219 s.
669 2174 976 2219 LXXXXIH
1004 2176 1213 2219 examine
1234 2189 1315 2231 pro
1338 2175 1556 2219 facultate
1578 2176 1769 2219 docendi

223 2248 434 2301 superato
466 2247 709 2299 gymnasio
734 2244 1035 2297 Berolinensi,
1068 2245 1139 2287 cui
1170 2244 1425 2287 Fridericus
1449 2243 1704 2287 Guilelmus
1726 2244 1768 2287 II

223 2327 390 2358 nomen
421 2314 603 2367 indidit,
635 2315 887 2371 adscriptus
920 2328 1036 2366 sum,
1068 2319 1119 2357 ut
1149 2315 1345 2357 tirocinii
1377 2315 1678 2369 paedagogici
1702 2313 1768 2357 al-

223 2389 368 2428 telum
406 2398 578 2428 annum
617 2385 840 2439 degerem.
904 2383 1038 2428 Nunc
1070 2385 1341 2428 candidatus
1372 2384 1636 2472 probandus
1667 2397 1767 2427 sum

223 2456 455 2511 gymnasii
488 2455 864 2511 Spandoviensis

339 2525 454 2569 Inde
486 2525 543 2569 ab
575 2524 726 2569 hieme
758 2539 797 2569 a
830 2525 874 2570 11.
906 2540 938 2569 s.
963 2524 1242 2569 LXXXVII
1265 2525 1434 2569 sodalis
1456 2525 1520 2568 fui
1541 2526 1690 2568 societ
1681 2526 1765 2567 itis

222 2596 486 2653 philologae
518 2597 802 2641 academicae
834 2596 1159 2640 Berolinensis.
