1963 3126
870 254 1102 292 -29-

206 357 355 412 legem
387 359 602 403 omnibus
632 358 911 415 temporibus
943 372 1232 403 communem
1256 359 1393 402 etiam
1416 358 1760 415 Antiphontem·-

208 429 335 484 sequi
371 442 452 484 per
488 443 536 473 se
573 433 709 485 patet.
773 429 995 474 Attamen
1032 429 1182 473 studio
1223 429 1423 485 quodam
1453 433 1626 480 noster,
1665 442 1753 484 quo

206 500 424 543 maiorem
462 500 735 554 dignitatem
771 499 936 543 inserat
973 500 1186 551 orationi,
1225 501 1400 541 τε-καὶ
1436 499 1754 543 coniunctione

207 569 413 613 notiones
446 570 560 613 duas
593 570 851 613 consociare
872 567 1000 621 solet,
1034 582 1227 625 quarum
1249 569 1493 612 alterautra
1514 569 1573 611 ad
1594 572 1755 623 aptum

208 653 393 683 sensum
429 639 568 696 plane
606 638 869 684 suffecisset.
934 638 1074 683 Velut
1109 641 1135 683 Ι
1173 639 1230 684 20
1266 641 1290 697 ἢ
1328 639 1366 681 δ’
1406 639 1507 681 αἰτία
1544 655 1585 681 τε
1693 640 1756 681 καὶ

207 710 476 768 ἐνθυμηθεῖσα
507 710 620 764 (scil.
655 714 723 752 τοῦ
755 711 971 762 θανάτου);
1003 714 1108 765 post
1137 723 1287 766 pauca
1317 712 1425 765 ὑμεῖς
1445 726 1487 752 τε
1509 712 1570 751 καὶ
1590 712 1627 750 οἱ
1648 710 1754 759 θεοὶς

205 793 353 835 neque
387 779 516 823 aliter
546 780 622 831 23;
657 779 732 832 24;
765 779 840 829 25ς
872 779 948 830 28ς
980 781 1015 823 V
1040 780 1060 823 1
1091 783 1137 837 τῇ
1165 796 1207 822 τε
1233 782 1420 837 συμφορᾷ
1445 781 1607 829 καὶτοῖς
1625 783 1757 829 κακοῖς

207 853 287 899 τοῖς
323 850 598 908 γεγενημένοις.
674 848 778 893 Huc
815 850 1011 905 pertinet
1050 851 1187 893 etiam
1222 848 1276 893 18
1314 851 1423 906 αὐτῷ
1454 865 1503 891 τε
1533 851 1619 905 ἐμοὶ
1649 865 1752 906 περι-

207 920 352 962 έθεσαν
389 922 464 962 καὶ
499 924 579 970 τοῖς
606 922 713 977 ἐμοῖς
741 922 1000 979 προσήκουσι,
1041 920 1204 977 quibus
1235 919 1434 963 finitima
1465 924 1573 963 sunt
1603 921 1665 963 VI
1696 919 1754 964 38

207 992 317 1048 αὐτῷ
353 1008 400 1033 τε
438 992 523 1047 ἐμοὶ
559 993 632 1033 καὶ
668 995 748 1042 τοῖς
780 992 912 1048 φίλοις.
979 990 1119 1035 Porro
1151 992 1187 1035 V
1217 990 1276 1036 80
1306 992 1396 1047 ἐμοί
1422 1008 1464 1034 τε
1493 992 1661 1049 βοηθεῖν
1684 993 1755 1033 >καὶ

206 1064 263 1117 τῷ
294 1062 444 1117 δικαίῳ,
478 1074 592 1117 quae
624 1062 929 1118 propinquam
961 1062 1192 1118 quandam
1229 1062 1549 1116 cognationem
1579 1060 1754 1105 habent

207 1144 309 1174 cum
345 1130 369 1174 I
405 1131 463 1175 24
499 1135 544 1175 et
580 1131 648 1175 25.
725 1131 826 1184 Qua
870 1132 1196 1176 consuetudine
1237 1145 1465 1188 perpensa
1502 1132 1564 1175 VI
1602 1131 1658 1176 23
1687 1145 1754 1175 ex

206 1201 347 1244 animi
377 1202 468 1245 mei
499 1202 724 1245 sententia
755 1201 1005 1258 amplector
1026 1201 1218 1258 Sauppii
1250 1202 1554 1245 coniecturam
1582 1203 1621 1244 οἳ
1642 1206 1753 1258 σφῶν

210 1272 262 1324 (τ’
295 1273 443 1325 αὐτῶν)
482 1273 595 1314 ἕνεκα
633 1275 706 1314 καὶ
742 1276 810 1314 τοῦ
847 1273 1008 1315 δικαίου.
1082 1271 1197 1315 Cum
1239 1271 1327 1315 hoc
1365 1285 1531 1326 genere
1570 1272 1752 1315 dicendi

207 1341 455 1385 arctissime
493 1341 737 1386 cohaerent
773 1343 823 1385 in
855 1341 1017 1386 tetrall.
1049 1343 1130 1386 ΙΙΙ
1161 1359 1187 1384 α
1221 1342 1243 1385 1
1278 1343 1351 1384 ὑπό
1383 1358 1432 1384 τε
1462 1345 1531 1384 τοῦ
1562 1342 1752 1398 νόμου...

206 1412 280 1452 ὑπό
317 1428 365 1454 τε
401 1416 477 1454 τῶν
508 1413 804 1471 ᾠηφισαμένων;
842 1413 876 1466 β
906 1411 960 1455 10
997 1413 1070 1454 ὑπό
1107 1428 1156 1454 τε
1186 1416 1254 1470 τῆς
1282 1412 1539 1470 ἀληθείας...
1599 1413 1673 1454 ὑπό
1704 1429 1752 1454 τε

209 1486 273 1523 τοῦ
306 1483 443 1538 νόμους
480 1484 544 1526 Iv
574 1485 607 1537 β
640 1483 667 1526 6
705 1484 855 1539 quoad
892 1482 1134 1526 Reiskium
1172 1496 1415 1539 sequamur
1452 1484 1750 1526 conicientem

205 1550 282 1594 ὑπό
313 1568 361 1594 τε
391 1556 460 1594 τοῦ
493 1554 633 1609 (νόμου
665 1552 739 1596 ὑπό
771 1570 819 1595 τε
850 1555 938 1607 τοῦ)
971 1553 1166 1610 ἄρξαντος
1193 1551 1266 1608 (cf.
1300 1565 1341 1607 p.
1367 1552 1457 1607 25).

323 1633 475 1690 Atque
508 1635 645 1677 etiam
676 1635 724 1677 in
745 1634 907 1678 tetrall.
932 1635 1179 1678 illiusmodi
1201 1633 1522 1678 cumulationis
1542 1633 1749 1678 luculen-

204 1703 431 1747 tissimum
464 1707 613 1747 exstat
644 1704 904 1760 exemplum
934 1705 998 1748 IV
1022 1722 1046 1759 γ
1067 1705 1088 1748 1
1123 1706 1199 1753 ζῶν
1230 1721 1272 1747 τε
1300 1707 1361 1747 καὶ
1381 1705 1537 1759 βλέπων
1550 1706 1595 1758 1),
1628 1705 1750 1761 quod

205 1774 568 1817 additamentum
591 1775 795 1831 proxime
817 1775 946 1818 abest
966 1788 993 1818 a
1013 1776 1302 1829 tragicorum,
1324 1775 1548 1831 imprimis
1571 1773 1750 1830 Sopho-

205 1843 304 1895 clis,
337 1846 474 1902 παρὼν
506 1846 574 1887 ἶὼν
600 1847 734 1901 μολὼν
765 1845 868 1904 ἔχων
898 1846 1052 1900 λαβὼν,
1089 1845 1138 1887 in
1175 1844 1338 1900 quibus
1370 1858 1506 1900 Saepe
1536 1845 1750 1899 indigna-

206 1913 340 1957 tionis
372 1915 468 1957 sive
498 1913 683 1958 ludibrii
714 1920 782 1958 est
813 1913 1098 1969 significatio.

321 2006 436 2050 Mire
467 2013 700 2064 praeterea
730 2009 778 2051 in
808 2008 886 2052 illo
917 2022 1082 2062 genere
1114 2008 1394 2052 conformata
1425 2013 1532 2052 sunt
1558 2011 1597 2053 V
1619 2008 1676 2052 88
1707 2013 1751 2052 et

203 2077 452 2133 gemellum
483 2079 545 2123 VI
575 2077 602 2123 6
634 2079 807 2137 ἁμαρτία
838 2080 900 2122 καὶ
930 2079 1097 2134 ἀσέβεια
1129 2077 1185 2130 εἴς
1213 2095 1261 2121 τε
1292 2079 1382 2130 τοὺς
1411 2079 1533 2130 θεοὺς
1560 2081 1634 2122 καὶ
1663 2080 1754 2131 τοὺς

204 2150 353 2205 νόμους.
413 2149 468 2192 In
506 2153 661 2205 aperto
700 2151 822 2193 enim
860 2154 928 2193 est
964 2151 1137 2207 ἁμαρτία
1174 2151 1234 2193 ad
1272 2151 1429 2206 νόμους,
1470 2151 1655 2205 εὐσέβεια
1692 2151 1751 2194 ad

205 2219 326 2270 θεοὺς
354 2220 597 2275 pertinere3
629 2220 845 2276 sequitur,
877 2223 928 2264 ut
958 2221 1167 2264 notiones
1200 2221 1322 2271 θεοὺς
1351 2224 1394 2264 et
1425 2222 1567 2278 νόμους
1585 2235 1679 2265 non
1701 2222 1749 2265 in

202 2303 344 2332 unam
376 2290 468 2333 sint
500 2289 780 2342 conflandae,
817 2291 897 2334 sed
928 2304 1010 2346 per
1040 2305 1087 2334 se
1118 2295 1309 2347 utraque
1341 2293 1400 2334 ad
1431 2292 1749 2335 antecedentes

204 2359 297 2402 sint
327 2358 598 2404 referendae.
649 2359 775 2414 Quae
805 2375 907 2405 cum
928 2361 993 2405 ita
1013 2356 1118 2413 sint,
1150 2362 1315 2405 rectius
1338 2362 1592 2417 scripsisset
1614 2361 1749 2405 Anti-

203 2428 330 2484 phon
361 2432 575 2482 καὶ-καὶ,
607 2431 654 2473 id
686 2432 806 2489 quod
837 2431 976 2487 probe
1007 2432 1246 2487 usurpavit
1276 2433 1301 2475 I
1334 2431 1388 2474 25
1509 2433 1749 2489 δικαιότερον

203 2502 265 2542 καὶ
301 2502 512 2558 ὁσιώτερον
549 2503 624 2543 καὶ
660 2504 760 2559 πρὸς
793 2502 899 2543 θεῶν
930 2504 1003 2544 καὶ
1033 2504 1135 2559 πρὸς
1162 2503 1399 2559 ἀνθρώπων.
1464 2501 1594 2546 Illius
1624 2502 1748 2553 modj

201 2584 332 2627 porro
372 2570 632 2627 exemplum
669 2573 863 2628 reperies
901 2572 1037 2616 etiam
1073 2573 1122 2616 in
1152 2571 1314 2617 tetrall.
1348 2574 1427 2616 III
1457 2574 1490 2627 β
1521 2572 1574 2616 12
1605 2574 1671 2630 τήν
1702 2588 1748 2613 τε

202 2642 271 2684 οὖν
307 2642 580 2696 εὐσέβειαν...
612 2644 685 2685 καὶ
722 2645 764 2685 τὸ
802 2643 948 2686 δίκαιον
979 2644 1200 2700 αἰδούμενοι
1231 2644 1348 2694 ὁσίως
1376 2646 1438 2685 καὶ
1467 2643 1625 2693 δικαίως
1651 2644 1744 2684 α’πο-

297 2770 324 2815 l)
352 2771 398 2805 cf.
432 2771 679 2806 simillimum
711 2772 817 2815 apud
847 2772 961 2806 Hom.
991 2773 1034 2806 11.
1066 2773 1085 2806 I
1109 2772 1154 2807 88
1193 2774 1280 2814 ἐμεῦ
1314 2774 1442 2812 ζῶντος
1471 2771 1526 2805 καὶ
1557 2771 1613 2804 ἐπὶ
1639 2752 1746 2817 χθονὶ

203 2831 442 2875 δερκομένοιο.
