1963 3126
803 836 1132 885 INDEX.

1490 1065 1493 1067 .
1666 1040 1738 1065 pag-

195 1082 442 1116 Prooemium
468 1107 1646 1115 .....................
1720 1093 1739 1113 0

231 1140 260 1173 Ι.
288 1139 541 1183 Copulativac
798 1144 800 1146 ’
1371 1144 1373 1146 ’

334 1198 379 1232 Α.
406 1198 448 1231 in
475 1198 688 1232 enuntiatis
714 1197 962 1231 affirmativis

405 1270 460 1290 καί

487 1325 518 1350 a.
545 1315 587 1349 in
613 1325 924 1359 synonymorum
952 1314 1216 1349 cumulatione
1286 1341 1644 1349 .......
1719 1315 1739 1348 9

482 1373 516 1408 b.
545 1374 599 1408 καὶ
625 1375 667 1408 οὐ
700 1400 1466 1408 ..............
1473 1380 1476 1383 ’
1518 1401 1525 1408 .
1578 1401 1584 1407 .
1636 1401 1643 1408 .
1697 1373 1739 1407 10

487 1444 516 1467 c.
545 1433 591 1467 de
618 1433 827 1476 asperitate
853 1432 1024 1476 quadam
1050 1433 1091 1466 in
1118 1433 1337 1476 copulando
1404 1459 1645 1468 .....
1698 1433 1739 1466 12

483 1492 517 1526 d.
545 1492 936 1536 hysteron-proteron
993 1519 1643 1526 ............
1697 1492 1738 1525 12

489 1562 519 1586 c.
546 1552 601 1585 καὶ
627 1552 669 1584 in
695 1551 874 1593 parataxi
936 1577 1643 1587 .............
1697 1550 1739 1583 13

494 1610 519 1643 f.
546 1610 587 1642 in
614 1610 786 1642 oratione
813 1608 1080 1642 continuanda
1110 1635 1643 1642 ..........
1696 1608 1738 1642 15

481 1678 518 1712 g.
545 1666 633 1712 κᾷτα
698 1694 1642 1702 .................
1696 1668 1738 1701 18

482 1727 518 1761 h.
545 1726 600 1759 καὶ
619 1726 666 1758 'in
693 1726 882 1769 asyndeto
932 1752 1643 1759 .............
1696 1725 1738 1757 18

497 1784 520 1818 i.
547 1785 595 1818 de
621 1783 836 1818 collocandi
862 1783 1031 1827 quadam
1057 1784 1207 1818 ratione
1227 1811 1643 1818 ........
1697 1783 1739 1817 18

479 1844 517 1877 k.
545 1843 592 1876 de
617 1844 672 1877 καὶ
698 1847 887 1886 sequente
912 1843 1122 1877 relativum
1165 1870 1642 1878 .........
1696 1844 1738 1876 19

403 1903 458 1936 καὶ
472 1922 517 1926 -
531 1902 586 1936 καὶ

485 1972 517 1995 a.
544 1962 585 1995 in
611 1961 843 1995 universum
873 1989 1643 1997 ..............
1697 1962 1737 1995 19

481 2020 516 2053 b.
543 2020 584 2053 in
610 2020 845 2064 synonymis
872 2021 1121 2054 cumulandis
1166 2047 1643 2055 .........
1694 2020 1738 2053 20

489 2089 518 2113 c.
546 2078 593 2112 de
620 2090 695 2112 usu
721 2089 774 2112 or.
793 2080 851 2113 VI
876 2079 1035 2122 proprio
1106 2106 1643 2114 ..........
1694 2079 1739 2112 20

403 2151 443 2171 τε
464 2164 1643 2172 .....................
1693 2137 1735 2170 21

404 2209 444 2230 τε
460 2216 502 2220 -
516 2209 557 2230 ΤΕ

487 2266 518 2288 a.
545 2256 586 2289 in
612 2256 843 2289 universum
875 2282 1525 2289 ............
1636 2282 1643 2288 .
1693 2255 1737 2288 26

481 2314 516 2347 b.
543 2313 585 2347 in
611 2313 743 2347 verbis
769 2313 1002 2357 copulandis
1049 2341 1642 2349 ...........
1693 2313 1736 2346 27

488 2383 517 2406 c.
544 2373 586 2407 in
613 2373 825 2407 enuntiatis
851 2384 922 2416 cop
928 2400 1642 2408 .............
1693 2372 1735 2405 27

403 2445 443 2465 τε
459 2431 534 2476 (-)
550 2432 605 2465 καὶ

485 2501 517 2524 a.
543 2491 711 2524 τε-καὶ
759 2518 1641 2526 ................
1690 2490 1734 2523 28

481 2548 1734 2585 1).τεκαὶ.................3Ο

488 2618 518 2641 c.
546 2608 593 2642 de
619 2608 836 2643 abundanti
863 2608 1033 2652 quodam
1060 2616 1146 2643 usu·
1167 2634 1638 2644 .........
1689 2607 1730 2640 31

334 2668 375 2699 B.
403 2668 444 2700 in
470 2668 683 2701 enuntiatis
709 2668 947 2710 negantibus
1217 2666 1222 2670 '

403 2726 488 2760 οὐδὲ
522 2753 1636 2764 ....................
1688 2725 1730 2759 31

403 2783 487 2818 οὔτε
499 2804 544 2808 -
558 2785 643 2819 οὔτε
696 2809 1638 2819 .................
1688 2783 1732 2816 32
