1963 3126
725 424 787 466 de
824 423 1225 478 negationibus.

321 517 549 570 Quoniam
593 517 798 572 proxime
843 518 1081 561 enuntiata
1122 517 1342 571 negantia
1383 517 1748 572 perstrinximus,

203 589 279 633 hic
309 587 437 632 locus
470 600 568 630 esse
601 588 794 640 videtur,
826 591 878 631 ut
899 577 1078 644 quid'in
1099 586 1422 641 negationibus
1446 586 1748 648 Antiphontis

203 660 262 703 sit
305 657 540 715 proprium
584 656 811 714 profitear.
881 657 1035 715 Atque
1081 656 1169 702 hoo
1217 657 1401 714 quidem
1447 661 1553 700 ante
1597 657 1750 709 omnia

205 728 630 785 commemoratione
668 729 860 783 dignum
897 732 986 781 est,
1029 729 1149 785 quod
1186 727 1506 780 Rhamnusius
1544 727 1749 779 cumula,-

203 801 325 843 tione
372 799 571 854 quadam
617 799 916 853 negationum
962 799 1209 842 delectatur
1223 800 1268 852 l).
1346 797 1480 841 Hanc
1526 798 1749 841 rat-ionem

204 873 356 913 autem
392 869 438 912 in
476 872 632 924 aperto
665 873 733 912 est
762 868 1012 925 profectam
1044 882 1143 913 esse
1175 882 1202 912 a
1233 868 1382 912 studio
1416 868 1615 912 addendi
1645 881 1749 923 gra-

203 940 446 983 vissimum
481 933 668 995 pondus*
703 940 941 983 sententiis
978 939 1285 995 movendique
1321 939 1522 982 iudicum
1556 940 1746 983 animos.

203 1009 301 1053 Iam
339 1008 566 1066 perlustra
601 1008 717 1053 mihi
755 1008 965 1066 exempla
995 1011 1020 1053 I
1052 1009 1106 1061 27
1210 1045 1218 1053 .
1246 1010 1366 1067 μήτε
1397 1010 1581 1068 αἰσχύνης
1603 1010 1747 1068 μηδε-

199 1084 326 1136 μιᾶς;
364 1080 401 1122 V
431 1079 510 1123 21-
518 1079 574 1122 22
607 1079 715 1121 οὔτε
746 1081 985 1130 πείσας..
1025 1081 1240 1136 οὐδαμοῦ
1272 1080 1536 1138 ἀπελέγχομαι
1562 1115 1570 1122 .
1597 1114 1604 1122 .
1631 1115 1638 1122 .
1666 1079 1748 1122 οὔτ’

204 1150 255 1192 αὖ
277 1185 284 1193 .
312 1186 319 1194 .
347 1186 354 1193 .
380 1149 488 1192 οὔτε
519 1151 807 1209 κατασχόντες.
869 1130 978 1194 ,ἀπὸ
1010 1154 1261 1208 παρασκευῆς
1284 1151 1528 1206 οὐοεμιᾶς;
1562 1150 1619 1194 27
1641 1149 1750 1192 οὔτε

204 1222 326 1277 dra-qs)
350 1221 624 1269 οὐδεὶς..
659 1220 768 1261 οὔτε
799 1221 893 1261 ἄλλο
924 1225 1087 1277 σημεῖον
1118 1222 1275 1270 οὐδὲν;
1305 1232 1457 1274 porro
1473 1219 1592 1270 28,9;
1624 1219 1747 1271 41,;2

203 1288 537 1341 44,4;’60,7-8;
577 1255 755 1341 78,1-2;
793 1290 856 1332 VI
890 1288 999 1341 155.
1075 1287 1255 1332 Similia
1283 1285 1339 1332 >in
1376 1288 1540 1332 tetrall.
1579 1289 1631 1341 II
1663 1289 1749 1331 (ι’-1

204 1360 256 1400 οὐ
288 1360 366 1416 μὴν
402 1360 516 1415 οὐδὲ
548 1393 556 1402 .
588 1394 596 1402 .
629 1393 637 1401 .
674 1347 837 1408 οὐδεὶς
873 1362 1056 1414 etpost
1091 1371 1239 1415 pauca
1278 1360 1388 1400 οὐδὲ
1420 1361 1498 1415 μὴν
1536 1359 1661 1409 οὐδ’,
1700 1359 1748 1400 in

205 1428 370 1484 quibus
413 1427 682 1473 Homericae
727 1429 985 1484 dictionis‘2)
1032 1428 1226 1483 vestigia
1269 1432 1385 1472 sunt.
1426 1429 1505 1472 III
1536 1429 1568 1482 β
1596 1428 1623 1471 7
1662 1431 1749 1485 περὶ

204 1500 376 1541 οὐδένα
416 1501 556 1541 οὐδὲν
588 1502 797 1558 ἦμαοτεν;
825 1499 923 1542 Sim.
967 1516 991 1553 γ
1024 1498 1116 1550 6.4;
1164 1498 1254 1550 9,7;
1303 1500 1329 1540 ὃ
1363 1498 1453 1549 9,4;
1500 1499 1564 1541 IV
1597 1515 1622 1552 ‘f
1655 1498 1746 1550 3,5;

204 1569 230 1609 ὃ
257 1568 402 1620 4,1-·2;
435 1568 476 1620 7,
478 1568 519 1612 4.
552 1595 610 1599 ——

320 1637 431 1682 Alia
472 1639 742 1695 proprietas,
789 1653 925 1695 quam
968 1635 1077 1682 item
1114 1617 1173 1681 ad
1211 1641 1448 1694 poetarum
1487 1637 1748 1694 exemplum

202 1708 346 1751 redire
376 1708 669 1752 manifestum
702 1712 784 1760 est,
814 1710 966 1765 posita
998 1712 1065 1752 est
1096 1709 1144 1751 in
1176 1709 1311 1751 tmesi
1344 1708 1557 1762 quadam
1607 1707 1749 1751 Velut

204 1779 241 1822 V
272 1777 347 1830 25;
394 1778 469 1830 56;
516 1779 571 1823 93
615 1779 834 1835 scriptum
876 1779 1083 1822 videmus
1127 1780 1199 1821 οὐκ
1236 1778 1283 1820 ἄν
1320 1795 1413 1820 ποτε
1449 1792 1530 1833 pro
1568 1777 1749 1832 vulgari

204 1847 346 1890 οὔποτε
376 1849 443 1900 ἂνς
476 1849 597 1892 idem
629 1852 840 1892 exaratur
869 1850 947 1892 III
982 1865 1005 1902 γ
1037 1849 1072 1891 l.
1136 1849 1188 1892 II
1216 1865 1242 1889 α
1263 1848 1289 1891 9
1323 1850 1394 1890 οὐκ
1423 1848 1528 1900 ἔστιν
1559 1848 1634 1900 ἔτι,
1667 1850 1693 1890 ὃ
1723 1848 1748 1891 5

194 1919 277 1959 ὀὐκ
306 1919 354 1960 ἂν
384 1918 451 1961 ἔτι.
503 1918 560 1962 In
589 1920 738 1975 prima
769 1912 921 1962 autem
953 1922 997 1961 et
1028 1922 1158 1961 sexta
1189 1918 1391 1962 oratione
1417 1917 1501 1971 tali
1523 1917 1750 1961 solutione

204 1986 427 2032 abstinuit
458 1993 616 2033 orator.
670 1988 817 2032 Aliter
847 2002 918 2032 res
950 2002 998 2031 se
1028 1986 1169 2041 habet
1200 1988 1249 2030 in
1279 1986 1441 2042 11176
1474 1989 1561 2030 οὐδ’
1583 1990 1639 2038 εἷς
1666 1989 1748 2036 ἕνα,

204 2058 258 2100 de
283 2071 372 2113 qua
395 2058 540 2102 forma
560 2058 768 2101 lubenter
789 2058 1038 2113 amplector
1057 2058 1280 2112 iudicium
1301 2056 1596 2111 Rohdantzii,
1630 2059 1750 2114 quod

203 2125 310 2170 facit
346 2127 394 2170 in
430 2128 578 2171 indice
616 2127 660 2171 II
698 2128 757 2171 ad
786 2127 917 2171 Dem.
953 2130 1081 2171 oratt.
1114 2141 1156 2183 p.
1192 2126 1297 2171 262:
1349 2126 1461 2178 „Die
1499 2126 1749 2182 Trennung

204 2197 348 2240 durch
363 2197 716 2255 'Prapositionen
747 2199 806 2253 ist
837 2197 943 2241 sehr
971 2196 1133 2251 haufig
1153 2197 1227 2241 bei
1248 2198 1337 2241 den
1357 2196 1617 2241 Rednern“.
1671 2195 1749 2241 Ad

203 2265 323 2311 hane
359 2268 497 2323 igitur
533 2267 741 2323 regulam
777 2267 893 2311 illud
931 2268 1113 2324 quidem
1152 2268 1410 2324 exemplum
1449 2260 1749 2325 compositum

205 2340 285 2387 est,
317 2351 410 2381 non
441 2342 596 2381 tamen
628 2342 775 2381 cetera
805 2340 883 2381 III
897 2338 971 2392 β7
991 2342 1034 2381 et
1053 2338 1117 2392 79
1149 2337 1236 2394 πὲρὶ
1257 2338 1401 2380 οὐδένα
1434 2342 1478 2380 et
1508 2341 1563 2388 εἷς
1592 2340 1746 2380 οὐδένα.

205 2403 332 2457 Quae
371 2421 476 2450 oum
513 2409 578 2451 ita
615 2409 724 2460 sint,
764 2407 911 2452 elucet
941 2413 1148 2452 nostrum
1178 2409 1383 2451 nondum
1414 2409 1478 2452 ita
1510 2410 1748 2452 adamasse

298 2512 325 2556 1)
353 2513 399 2547 ef.
431 2513 614 2557 Madvig,
648 2515 757 2558 Synt.
791 2514 827 2548 d.
859 2524 917 2558 gr.
948 2515 1034 2558 Spr.
1066 2515 1088 2559 ξ
1115 2515 1182 2549 209
1209 2515 1245 2549 b.
1272 2515 1406 2549 Anm.:
1425 2555 1429 2558 ,
1447 2515 1539 2557 „Die
1570 2515 1747 2549 Wieder-

204 2569 355 2613 holung
387 2573 456 2605 der
487 2574 750 2616 Verneinung
783 2574 845 2607 bei
880 2574 955 2607 den
989 2574 1196 2607 einzelnen
1226 2574 1529 2616 pronominalen
1562 2574 1745 2606 &vortern

204 2626 326 2664 findet
353 2629 493 2672 jedooh
525 2642 602 2666 nur
632 2634 742 2674 statt,
772 2642 832 2666 wo
859 2632 921 2666 die
947 2633 1209 2675 Verneinung
1234 2633 1306 2666 mit
1330 2632 1569 2666 Nachdruck
1594 2632 1650 2664 als
1677 2631 1745 2664 all·

204 2688 361 2728 gemein
387 2690 654 2732 eingesoharft
678 2691 790 2733 wird,
816 2695 926 2726 sonst
951 2691 1073 2725 heisst
1098 2702 1139 2725 es
1166 2692 1283 2730 οὐδεὶς
1300 2692 1454 2733 πώποτε,
1475 2690 1558 2724 οὔτε
1575 2691 1646 2729 τις“
1674 2693 1743 2723 etc.

232 2758 233 2761 ¹
298 2744 326 2789 2)
353 2747 399 2780 cf.
427 2749 597 2792 exempli
629 2759 747 2783 causa
774 2749 818 2783 Il.
844 2750 882 2783 II
906 2748 992 2790 7033
1023 2750 1061 2783 Χ
1087 2749 1175 2790 299;
1206 2750 1283 2783 XII
1309 2749 1392 2789 2123
1424 2749 1539 2782 XVII
1564 2747 1624 2788 24;
1658 2748 1742 2781 sim.

205 2803 289 2836 οὐδὲ
313 2804 384 2850 γὰρ
409 2806 494 2841 οὐδὲ
518 2808 555 2842 V
573 2807 637 2849 223
664 2808 721 2842 VI
740 2807 818 2842 130.

1569 2864 1586 2889 3
