1963 3126
854 185 1090 224 -6-

202 290 281 332 der
302 288 504 345 Sprache
533 289 716 332 selbst.“
766 288 919 344 Atque
942 288 1063 332 hanc
1083 292 1180 332 tam
1200 289 1371 333 bonam
1392 288 1596 333 indolem
1618 293 1753 345 atque

201 362 413 403 naturam
443 358 684 414 praecipue
715 359 763 400 in
799 371 971 412 magna
1002 357 1084 401 illa
1114 358 1440 414 particularum
1472 359 1602 415 copia
1631 359 1753 415 posi-

200 432 296 471 tam
328 442 441 480 esse,
475 442 565 485 qua
597 429 782 484 quidem
806 427 968 471 Graeci
992 429 1150 472 ceteris
1171 428 1351 486 populis
1374 429 1466 472 sint
1488 429 1753 485 superiores,

201 512 335 541 nemo
358 498 559 553 negabit.
614 497 716 550 „Sie
738 497 949 550 machen,
971 501 1022 541 ut
1044 498 1107 542 ait
1127 497 1412 553 Hartungius
1427 500 1473 553 l),
1506 499 1578 542 die
1600 497 1753 550 Form,

201 569 274 611 die
312 568 462 612 Farbe
507 569 603 611 und
650 569 738 611 den
782 567 1192 623 Zusammenhang
1236 570 1315 612 der
1351 559 1525 620 Rede,“
1575 571 1619 612 et
1665 567 1753 612 alio

199 638 297 682 1000
308 640 363 693 2);
416 638 495 690 „In
532 638 676 682 ihnen
714 638 844 692 liegt,
866 638 938 681 die
976 637 1170 681 hochste
1202 638 1418 682 Naivetat
1449 639 1544 681 und
1576 638 1755 681 Anmut

199 709 467 764 verborgen,
498 709 722 759 wahl-end
754 710 818 752 sie
850 708 1059 763 zugleich
1092 710 1172 752 der
1202 708 1332 753 Rede
1364 710 1436 753 die
1467 712 1643 764 grosste
1665 708 1753 752 Be-

199 779 472 824 stimmtheit
492 778 742 838 verleihen,
774 780 870 821 und
902 778 982 822 auf
1010 779 1148 822 deren
1164 778 1468 822 Verstandnis
1492 778 1752 822 verzichten

201 851 274 894 die
296 849 452 894 Halfte
485 851 563 894 des
587 849 819 894 Genusses
853 864 913 893 an
946 851 1025 893 der
1046 848 1301 894 Schonheit
1334 851 1413 893 der
1436 847 1753 904 griechischen

201 918 405 976 Sprache
439 919 692 963 entbehren
724 919 907 962 heisst.“

316 990 476 1047 Itaque
508 991 572 1034 sic
606 990 831 1040 existimo,
864 990 902 1032 si
935 990 1034 1045 quis
1067 990 1176 1045 quid
1206 990 1441 1046 proprium
1473 992 1531 1034 sit
1560 989 1752 1033 0110111115

199 1061 428 1117 scriptoris
467 1061 650 1104 studeat
686 1060 931 1116 inquirere,
978 1072 1034 1102 ex
1071 1059 1401 1115 particularum
1440 1060 1752 1104 observatione

200 1131 325 1174 haud
364 1131 580 1185 exiguum
620 1129 816 1173 fructum
857 1143 960 1173 eum
993 1142 1091 1172 esse
1121 1134 1452 1186 percepturum.
1515 1129 1615 1173 Iam
1645 1143 1751 1173 vero

199 1205 249 1244 ut
279 1201 327 1243 id
357 1201 529 1256 ipsum,
569 1200 691 1256 quod
722 1199 1002 1255 Antiphonti
1034 1200 1200 1243 oratori
1231 1200 1280 1243 in
1310 1200 1636 1256 particularum
1666 1213 1754 1243 usu

197 1272 430 1328 proprium
453 1275 533 1323 est,
557 1274 826 1327 exponatur,
848 1270 1169 1316 recurrendum
1193 1274 1261 1313 est
1283 1271 1342 1313 ad
1362 1270 1607 1327 perfectam
1622 1269 1752 1314 illam

199 1343 353 1385 Attice
409 1342 588 1384 dicendi
641 1341 1037 1392 consuetudinem,
1092 1340 1219 1383 0111115
1275 1341 1486 1396 exempla
1530 1340 1752 1384 Isocrates

197 1411 397 1454 maxime
430 1414 474 1453 et
494 1408 830 1453 Demosthenes
861 1409 995 1453 nobis
1016 1413 1289 1465 proponunt.
1338 1409 1579 1453 Praeterea
1601 1414 1753 1454 autem

200 1495 253 1524 ea
289 1480 574 1537 respicienda
612 1493 709 1523 esse
747 1479 980 1531 Videntur,
1019 1492 1135 1536 quae
1174 1493 1452 1536 quamquam
1484 1481 1608 1536 apud
1640 1480 1752 1524 01105

199 1551 459 1605 graecitatis
492 1554 696 1593 auctores
727 1550 901 1605 passim
931 1550 1240 1601 inveniuntur,
1277 1554 1433 1593 tamen
1464 1552 1586 1607 apud
1617 1551 1753 1599 Anti-

199 1621 423 1678 phontem
444 1623 542 1664 tam
563 1633 699 1677 saepe
719 1622 913 1671 exstant,
935 1622 986 1662 ut
1002 1619 1097 1663 eius
1113 1619 1295 1676 propria
1313 1633 1411 1663 esse
1426 1621 1632 1676 putanda
1647 1621 1749 1665 sint.

318 1691 502 1743 Restat,
540 1695 590 1734 111
629 1691 836 1742 doceam,
876 1704 990 1746 quae
1025 1691 1316 1746 potissimum
1347 1690 1556 1734 subsidia
1586 1691 1634 1734 in
1665 1691 1753 1734 hac

200 1762 584 1806 commentatione
618 1760 942 1804 conscribenda
971 1775 1045 1804 me
1077 1761 1354 1805 adiuverint:

198 1833 251 1877 Ε.
276 1832 527 1885 Maetzner,
562 1830 755 1888 Antiph.
791 1835 918 1875 oratt.
952 1830 1044 1874 XV
1077 1845 1255 1886 recogn.
1291 1832 1442 1876 adnot,
1478 1832 1677 1876 criticam
1710 1837 1753 1876 et

317 1903 668 1948 commentarios
701 1902 876 1953 adiecit,
908 1902 1055 1945 Berol.
1093 1901 1218 1945 1838.

198 1975 245 2019 C.
270 1974 452 2027 Miiller,
486 1972 629 2017 Oratt.
654 1972 767 2024 Att.,
799 1972 990 2029 Antiph.
1019 1977 1099 2017 etc.
1129 1987 1289 2028 graece
1322 1988 1425 2017 cum
1455 1973 1752 2017 translatione

315 2044 481 2089 reficta.
547 2043 677 2087 Paris
714 2042 915 2098 1846s47.
979 2043 1067 2088 vol.
1102 2043 1135 2088 1.

200 2116 355 2159 Victor
385 2115 634 2166 Jernstedt,
666 2114 775 2156 Ant.
812 2118 937 2157 oratt.
1001 2113 1232 2170 Petropoli
1267 2113 1390 2158 1880.

197 2185 272 2230 Fr.
297 2184 446 2237 Blass,
478 2184 589 2228 Ant.
625 2186 754 2227 oratt.
790 2187 833 2226 et
863 2183 1021 2238 fragm.
1084 2184 1150 2227 ed.
1184 2182 1241 2227 II.
1296 2182 1420 2241 Lips.
1458 2182 1592 2235 1881;
1625 2185 1751 2228 cuius

317 2256 529 2300 editionis
546 2253 861 2312 paragraphos
878 2255 925 2298 in
944 2255 1164 2312 exemplis
1182 2253 1423 2298 afferendis
1440 2258 1620 2299 secutus
1635 2269 1747 2299 sum.

197 2326 478 2379 Bohlmann,
508 2326 618 2369 Ant.
645 2326 701 2368 de
723 2326 859 2368 caede
880 2324 1088 2378 Herodis,
1111 2325 1277 2380 griech.
1302 2340 1343 2369 u.
1370 2324 1574 2378 deutsch,
1597 2325 1694 2369 Teil
1714 2325 1749 2378 Ι,

154 2390 160 2396 ’
316 2398 342 2454 ξ
379 2396 535 2449 1-48,
568 2395 726 2451 Progr.
760 2409 801 2440 v.
837 2394 1045 2451 Liegnitz
1079 2395 1203 2441 1886.

197 2467 254 2511 H.
280 2466 514 2520 Schaefer,
553 2468 608 2510 de
646 2465 853 2510 11011111111.
887 2467 1041 2523 partic.
1077 2468 1201 2524 apud
1231 2466 1424 2524 Antiph.
1459 2480 1557 2510 usu.
1627 2465 1746 2511 Diss.

316 2537 439 2581 Gott.
476 2537 602 2581 1877.

291 2645 318 2688 1)
346 2646 548 2687 Hartung,
574 2644 701 2678 Lehre
727 2655 807 2678 von
834 2643 910 2677 den
937 2645 1141 2678 Partikeln
1168 2645 1237 2678 der
1263 2644 1538 2686 griechischen
1566 2644 1750 2687 Sprache,

195 2705 399 2746 Erlangen
427 2704 531 2745 1832,
556 2705 583 2737 Ι,
604 2705 788 2737 Vorwort
815 2714 850 2746 p.
869 2704 897 2736 Ι.

290 2761 319 2805 ²)
347 2762 440 2796 ibid.
467 2762 699 2804 Einleitung
724 2773 761 2805 p.
781 2762 836 2795 55.
