1963 3126
854 264 1089 302 -55-

763 429 814 471 V.
853 429 1172 473 Conclusivac.

918 533 1022 577 οὖν.

313 626 380 668 οῦν
410 627 660 682 particulae
690 628 787 669 vim
818 628 1067 681 genuinam
1105 640 1204 671 esse
1236 625 1556 669 affirmativam
1590 639 1742 679 gram-

194 697 348 740 matici
388 697 552 740 docent
565 699 615 751 ¹);
658 697 765 740 inde
803 701 961 741 natam
999 711 1098 742 csse
1136 695 1521 752 significationem
1560 696 1742 740 conclu-

196 767 354 826 dendi,
395 782 510 824 quae
542 768 665 825 apud
697 782 853 813 omnes
886 769 1090 812 omnium
1120 772 1378 825 temporum
1411 770 1619 810 auctores
1652 767 1743 811 sol-

194 839 358 882 lemnis
401 839 660 894 usitataque
705 842 782 882 est.
860 839 1000 894 Apud
1037 838 1373 896 Antiphontem
1417 852 1522 882 vero
1567 842 1744 894 praeter

195 907 318 951 hunc
348 922 483 951 usum
514 921 639 951 more
660 909 819 951 tritum
841 908 1222 965 deprehendimus
1243 908 1477 964 proprium
1500 908 1742 964 quendam,

198 978 420 1029 „welcher
452 980 525 1022 dic
555 969 1093 1033 folgerndeBedeutung
1126 979 1355 1035 (Wetzell.
1390 993 1431 1034 p.
1463 978 1583 1032 20‚1)
1623 978 1742 1022 noch

194 1048 522 1092 unentwickelt
553 1049 712 1103 zeigt“.
763 1048 896 1102 Quod
928 1050 1092 1094 accidit
1117 1050 1166 1093 in
1190 1049 1451 1093 narratione
1474 1062 1535 1109 or.
1559 1050 1584 1093 I
1608 1053 1742 1105 atquc

194 1119 375 1169 totiens,
408 1124 458 1161 ut
487 1133 633 1174 paene
664 1120 868 1162 taedium
898 1125 1134 1163 moveatur
1154 1120 1336 1173 legenti.
1369 1119 1528 1173 ‚Legc‚
1562 1133 1742 1174 quaeso,

196 1188 253 1245 ἐξ
274 1187 438 1231 14-17:
471 1189 562 1231 iam
586 1188 778 1238 videbis,
810 1203 946 1245 quam
969 1190 1134 1243 exigua
1156 1190 1250 1233 arte
1271 1189 1468 1233 narratio
1492 1189 1743 1246 composita

196 1259 267 1310 sit,
301 1259 599 1314 quotiensque
633 1260 692 1301 ad
724 1272 824 1302 eam
857 1260 1213 1302 continuandam
1244 1260 1312 1301 οὖν
1344 1258 1627 1302 adhibeatur.

312 1326 404 1375 Sed
441 1327 555 1372 haec
594 1329 649 1372 de
686 1342 773 1372 usu
809 1328 857 1372 in
893 1329 1161 1372 narratione.
1232 1327 1473 1372 Praeterea
1512 1329 1600 1372 duo
1634 1332 1742 1372 sunt

196 1397 297 1449 loci,
320 1398 486 1454 quibus
508 1399 576 1440 οὖν
597 1397 763 1441 vocula
783 1399 964 1454 proprie
985 1399 1061 1456 ἤδη
1083 1398 1298 1441 adverbio
1316 1399 1581 1440 adiunctum
1599 1411 1742 1454 appa-

194 1471 272 1511 ret.
335 1466 406 1511 Ne
437 1466 511 1510 his
544 1468 727 1523 quidem
759 1468 827 1510 οὖν
862 1481 1036 1511 meram
1068 1467 1378 1511 concludendi..
1398 1469 1494 1510 vim
1526 1466 1740 1511 exhibere

195 1538 386 1588 videtur,
416 1538 496 1580 sed
516 1538 668 1593 potius
691 1537 896 1580 adverbii
918 1536 1245 1591 significationi
1265 1539 1536 1593 premendae
1558 1538 1737 1581 servire.

196 1606 459 1650 Cuiusmodi
491 1610 600 1650 Sunt
629 1609 655 1651 I
677 1606 732 1650 22
764 1607 840 1665 ἤδη
872 1607 940 1649 οὖν
970 1609 1010 1649 ἐν
1039 1609 1123 1663 ὑμῖν
1144 1609 1227 1649 ἐστι
1248 1608 1350 1649 τοῦτ’
1373 1608 1512 1665 ὀρθῶς
1530 1609 1740 1662 διαὶνῶναι

196 1680 239 1719 et
270 1676 325 1720 25
363 1677 439 1735 ἤδη
478 1677 546 1719 οὖν
577 1679 657 1731 ἐγὼ
688 1679 785 1724 ἀξιῶ
817 1709 826 1718 .
857 1709 866 1718 .
897 1709 907 1717 .
941 1678 1080 1735 ταύτην
1111 1678 1334 1719 ἀπολέσθαι
1366 1679 1438 1720 ὑπό
1470 1694 1511 1719 τε
1543 1680 1649 1733 ὑμῶν
1680 1680 1742 1720 καὶ

195 1750 263 1788 τοῦ
295 1747 455 1789 δικαίου.

883 1983 1054 2024 τοίνυν.

313 2075 435 2117 τοίνυν
466 2088 742 2130 quamquam
775 2088 879 2118 cum
911 2075 979 2118 οὖν
1001 2075 1228 2132 particula
1249 2074 1446 2119 finitima
1468 2076 1738 2129 cognatione

197 2145 438 2188 coniuncta
470 2147 558 2196 est,
590 2145 655 2187 ita
685 2148 735 2187 ut
764 2146 1021 2200 promiscue
1051 2159 1132 2201 pro
1165 2145 1233 2187 οὖν
1264 2150 1474 2200 ponatur,
1506 2146 1553 2187 id
1585 2149 1740 2188 tamen

195 2216 513 2271 interpositum
557 2218 625 2258 est
662 2215 924 2266 discrimen,
970 2216 1091 2271 quod
1127 2229 1364 2271 nunquam
1402 2215 1605 2259 adverbii
1646 2216 1741 2258 vice

196 2284 398 2341 fungitur
419 2284 532 2339 (scil.
559 2285 887 2340 asseverandi)‚
917 2285 998 2329 sed
1020 2299 1199 2342 semper
1221 2285 1530 2329 conclusivam
1553 2283 1741 2329 exhibet

196 2348 597 2409 significationem,
636 2357 814 2399 etiamsi
852 2354 966 2399 haec
1004 2369 1334 2412 nonnunquam
1365 2355 1494 2398 haud
1526 2357 1590 2398 ita
1623 2356 1740 2398 clare

196 2424 383 2469 eluceat.
432 2425 506 2468 Ex
527 2439 618 2481 qua
634 2424 973 2480 Rosenbergius
985 2426 1020 2480 2)
1045 2425 1273 2481 duplicem
1290 2426 1497 2469 vertendi
1517 2426 1740 2468 rationem

196 2495 397 2540 deducit:
449 2496 484 2539 1.
530 2494 711 2548 „Wenn
758 2496 830 2540 die
868 2495 1136 2550 Beziehung
1179 2509 1284 2539 zum
1320 2494 1740 2550 Vorhergehenden

290 2602 318 2646 1)
346 2602 392 2635 cf.
419 2602 623 2644 Kuehner,
654 2603 678 2636 1.
697 2603 720 2636 l.
739 2613 775 2645 p.
795 2602 916 2644 708‚1;
941 2603 1127 2645 WVetzell,
1160 2603 1225 2636 1.1.
1244 2603 1356 2645 p.20;
1382 2602 1566 2643 Kalinka,
1593 2601 1640 2635 de
1665 2612 1741 2636 usu

196 2661 389 2694 coniunet.
423 2660 675 2704 quarundum
708 2660 814 2704 apud
840 2662 988 2704 scriptt.
1015 2661 1095 2695 Att.
1121 2661 1346 2704 antiquiss,
1378 2659 1546 2694 Vindob.
1575 2660 1678 2703 1890,
1703 2670 1741 2704 p.

125 2708 131 2714 ’
196 2717 262 2751 175
289 2728 347 2761 sq.

288 2775 317 2820 2)
344 2776 593 2819 Rosenberg,
625 2776 687 2810 die
712 2777 889 2811 Partikel
920 2777 1036 2811 τοίνυν
1066 2778 1108 2810 in
1138 2776 1207 2810 der
1233 2780 1295 2810 att.
1322 2776 1466 2818 Dekas‚
1490 2776 1607 2810 Jhbb.
1634 2777 1658 2811 f.
1685 2778 1741 2811 kl.

196 2833 295 2868 Phil.
324 2835 402 2877 109,
427 2845 464 2877 p.
484 2835 561 2868 118.
