1963 3126
880 243 1115 281 -21-

222 349 270 390 τὰ
315 351 545 406 πράγματα,
590 345 634 391 et
668 346 726 391 46
766 349 981 406 ὑπομνῆσαι
1018 349 1081 389 καὶ
1117 347 1385 405 ἐνθυμηθῆναι
1517 347 1768 404 ἀμφότερα

222 420 296 460 καὶ
331 423 442 475 σφῶν
478 420 607 461 αὐτῶν
642 419 755 460 ἕνεκα
792 420 866 460 καὶ
903 422 971 476 τῆς
1005 419 1165 468 πόλεως.
1233 416 1385 473 Atque
1424 416 1544 460 hane
1584 417 1766 460 dicendi

222 488 472 532 ubertatem
504 489 620 532 sicut
650 488 740 531 alia
770 488 916 531 multa
947 502 1003 532 ex
1025 486 1214 531 Homeri
1247 486 1523 530 carminibus
1546 487 1605 530 ad
1628 486 1766 529 Anti-

221 557 444 613 phontem
468 558 758 601 descendisse
779 556 1074 600 manifestum
1096 561 1177 608 est,
1204 555 1284 599 illo
1307 560 1485 599 tantum
1508 557 1766 599 discrimine

220 628 505 685 interposito,
544 629 664 685 quod
695 628 820 684 apud
851 626 1114 680 Homerum,
1148 627 1316 684 quippe
1348 640 1376 670 a
1408 627 1535 670 cuius
1569 627 1766 671 dictione

221 701 404 741 καὶ-καὶ
425 699 682 742 coniunctio
706 699 765 742 sit
787 697 950 750 aliena,
982 714 1125 740 τε-τε
1146 696 1221 741 vel
1242 700 1406 739 τε-καὶ
1426 697 1615 741 voculae
1635 711 1765 740 usur-

220 774 397 825 pantur.
448 768 581 822 Quod
612 773 664 813 ut
692 768 856 813 clarius
876 769 1190 825 perspiciatur,
1222 781 1371 824 pauca
1392 767 1603 824 exempla
1624 781 1765 824 appo-

219 853 326 882 nere
357 839 508 883 liceat:
556 838 607 883 Il.
641 838 708 882 IV
740 838 932 883 59—602
978 840 1043 881 καί
1064 856 1118 896 με
1149 840 1420 897 πρεσβυτάτην
1452 839 1581 880 τέκετο
1616 839 1769 895 Κρόνος

220 912 498 968 ἀγκυλομήτης,
531 912 821 967 ἀμφότερον,
857 914 968 968 γενεῇ
996 927 1042 952 τε
1064 912 1137 952 καὶ
1158 911 1298 952 οὔνεκα
1319 909 1370 968 σὴ
1393 912 1618 966 παράκοιτις
1636 910 1763 967 κέκλη-

215 997 307 1036 μαι;
338 979 508 1024 ibidem
530 991 572 1025 V.
600 980 850 1024 144—145:
883 981 1042 1039 βασιλῆϊ
1062 982 1108 1022 δὲ
1129 984 1247 1022 κεῖται
1269 981 1440 1036 ἄγαλμα,
1473 981 1763 1037 ἀμφότερον,

220 1052 362 1106 κόσμος
392 1052 433 1092 θ’
465 1052 568 1106 ἵππῳ
599 1052 761 1108 ἐλατῆρί
787 1068 834 1093 τε
865 1052 991 1100 κῦδος.
1050 1050 1159 1093 Alia
1189 1050 1255 1093 HI
1280 1049 1382 1098 1792
1413 1049 1507 1102 VII,
1523 1049 1612 1093 418
1644 1054 1762 1104 (τε-

220 1121 306 1174 ὃὲ);
337 1119 452 1164 XIII
486 1120 580 1164 166.

963 1418 1023 1443 Te.

335 1512 376 1537 τε
397 1494 647 1551 particulae
668 1508 804 1538 usum
827 1509 932 1538 eum
955 1509 1054 1538 esse
1075 1494 1361 1548 grammatici
1385 1494 1701 1551 praescribunt
1715 1497 1760 1547 1),

217 1568 268 1607 ut
305 1568 509 1608 conectat
546 1578 599 1608 ea
637 1566 873 1608 enuntiata
910 1578 1122 1608 eorumve
1160 1564 1386 1616 membra,
1426 1578 1542 1620 quae
1574 1565 1761 1608 arctiore

152 1638 157 1642 “
219 1636 416 1691 quodam
454 1635 635 1679 vinculo
672 1635 789 1679 inter
827 1649 874 1679 se
912 1634 1194 1679 cohaereant.
1258 1634 1453 1678 Addunt
1489 1638 1644 1679 autem
1675 1635 1761 1678 viri

219 1706 339 1749 docti
369 1704 498 1748 illam
530 1706 653 1760 apud
683 1710 840 1760 poetas
872 1705 1241 1757 usitatissimam,
1279 1706 1402 1760 apud
1432 1705 1575 1748 bonos
1606 1710 1759 1748 tamen

217 1775 394 1820 solutae
441 1776 655 1819 orationis
703 1777 943 1832 scriptores
990 1775 1316 1828 rarissimam2›
1364 1789 1473 1819 esse.
1543 1774 1628 1818 Cui
1668 1775 1760 1830 legi

218 1860 482 1903 quanquam
516 1845 850 1902 Antiphontem
887 1859 1142 1902 repugnare
1173 1847 1403 1898 videmus,
1441 1850 1594 1889 tamen
1626 1860 1759 1889 nemo

217 1918 314 1969 erit,
347 1918 418 1961 cui
448 1916 536 1961 hoc
559 1918 723 1960 mirum
747 1917 957 1961 videatur
978 1917 1282 1961 consideranti
1305 1931 1409 1960 eum
1432 1916 1641 1972 exempla
1663 1931 1760 1960 ora-

216 1989 355 2031 tionis
387 1989 727 2043 componendae
759 1988 946 2031 nonnisi
978 2001 1005 2031 a
1034 1987 1180 2044 poetis
1204 1988 1537 2044 antiquissimis
1561 1992 1760 2044 repetere

216 2058 430 2114 potuisse.
477 2057 702 2115 Exempla
724 2072 830 2101 vero
853 2058 967 2102 haec
989 2062 1191 2103 exstant:
1224 2060 1248 2102 I
1266 2057 1292 2101 9
1315 2060 1340 2100 ἃ
1364 2057 1477 2113 (scil.
1503 2060 1758 2116 ἀνδράποδα)

215 2128 371 2186 συνῄδει
408 2131 470 2170 καὶ
509 2130 701 2186 πρότερον
732 2128 800 2186 τὴν
834 2133 991 2182 γυναῖκα
1023 2131 1241 2186 ταύτην...
1275 2133 1331 2185 τῷ
1363 2132 1553 2186 πατρὶ...
1589 2131 1760 2171 θάνατον

310 2235 337 2279 ¹)
364 2234 552 2269 Kuehner
576 2235 641 2268 1.1.
660 2244 696 2278 p.
716 2234 800 2268 787:
840 2247 900 2276 „re
932 2234 1039 2269 fiihrt
1072 2235 1171 2268 auch
1206 2236 1322 2269 einen
1349 2236 1437 2269 Satz
1464 2235 1545 2276 ein,
1579 2235 1648 2269 der
1674 2236 1760 2269 eine

215 2294 828 2337 ErganzungAErklarung,
845 2294 1035 2327 weitere
1051 2293 1367 2336 Ausfiihrung
1386 2294 1453 2327 des
1468 2295 1759 2337 vorhergehen-

216 2353 310 2396 den,
342 2354 435 2388 oder
467 2353 565 2387 auch
599 2353 684 2387 eine
716 2364 786 2387 aus
818 2352 965 2387 diesem
999 2353 1325 2396 hervorgehende
1352 2353 1499 2396 Folge
1533 2353 1759 2395 ausdriickt,

214 2413 297 2446 und
330 2413 381 2446 ist
412 2423 454 2446 so
487 2412 597 2446 nicht
629 2412 734 2446 bloss
760 2412 801 2445 in
828 2412 897 2445 der
921 2412 1248 2455 Dichtersprache
1276 2412 1429 2454 hiiufig,
1462 2413 1633 2446 sondern
1659 2413 1757 2446 auch

215 2472 255 2505 in
290 2471 359 2505 der
383 2472 522 2513 Prosa,
553 2471 794 2505 namentlich
824 2471 887 2505 bei
911 2471 1085 2505 Herodot
1109 2470 1192 2505 und
1218 2471 1486 2515 Thucydides,
1519 2471 1610 2505 sehr
1635 2472 1756 2505 selten

214 2530 277 2563 bei
303 2530 380 2563 den
397 2529 616 2564 Rednern“.
658 2530 768 2563 Idem
795 2530 874 2563 fere
900 2531 1018 2564 sentit
1034 2530 1190 2571 Jacobs,
1215 2530 1344 2564 Attica
1365 2541 1400 2573 p.
1420 2530 1485 2564 391
1507 2531 1579 2564 sub
1597 2541 1652 2564 τει
1681 2531 1756 2571 „Zu

214 2588 377 2631 Anfang
409 2599 488 2622 von
521 2589 662 2623 S'atzen
693 2589 763 2622 mit
795 2588 1034 2623 Nachdruck
1067 2589 1129 2623 ein
1161 2590 1340 2623 Resultat
1373 2600 1443 2623 aus
1476 2590 1563 2622 dem
1598 2589 1756 2622 vorher-

213 2647 423 2689 gehenden
449 2647 872 2681 zusammenfassend“.

307 2704 336 2749 2)
363 2705 409 2739 cf.
437 2716 536 2749 quae
568 2706 678 2740 Fuhr
709 2706 782 2741 Rh.
808 2706 908 2740 Mus.
935 2706 997 2748 33,
1028 2717 1064 2749 p.
1090 2706 1156 2740 599
1190 2706 1236 2740 de
1270 2706 1340 2740 hac
1372 2706 1562 2749 particula
1592 2704 1754 2741 iudicat:

206 2762 406 2806 ‘quantum
432 2765 480 2797 ab
507 2765 589 2798 eius
617 2765 664 2798 de
690 2766 782 2798 Ant.
804 2766 997 2798 sententia
1023 2765 1234 2806 discedam,
1260 2776 1308 2798 ex
1334 2764 1555 2806 insequenti
1582 2763 1754 2805 disputa-

212 2807 317 2855 tione
343 2822 554 2865 insigniter
580 2823 756 2858 elucebit.
