1963 3126
869 239 1108 277 -13ἢ

148 379 150 381 .
211 357 372 400 prosae
405 345 623 388 orationis
655 347 859 387 auctores
890 345 1084 387 transiit.
1154 343 1415 387 Classenius
1449 344 1503 388 V.
1536 344 1591 387 D.
1625 346 1676 387 in
1706 359 1757 388 eo

211 413 344 467 libro,
376 429 511 471 quem
542 428 682 471 supra
712 414 914 467 laudavi,
945 428 988 471 p.
1013 414 1099 459 200
1130 415 1253 459 hano
1283 413 1481 469 figuram
1512 415 1586 459 his
1601 415 1762 460 -verbis-

212 484 425 542 explieat:
477 485 595 537 „Der
636 485 893 529 natiirliehe
930 486 1179 529 Ausdruek
1222 485 1337 540 folgt
1381 487 1458 529 der
1496 485 1757 530 sinnliohen

211 555 610 611 Wahrnehmung,
641 556 994 599 unbekijmmert
1024 571 1102 599 um
1134 557 1216 600 das
1239 555 1405 599 Gesetz
1435 557 1513 599 des
1532 555 1756 600 Werdens

212 626 306 668 und
339 626 418 669 der
449 624 691 669 zeitlichen
722 624 908 680 Folge“.
957 625 1084 669 Idem
1111 625 1298 677 Homeri
1330 627 1576 670 tritissimis
1606 640 1757 670 exem-

210 697 299 756 plis
338 696 489 741 allatis
531 698 591 753 (p.
626 696 890 752 200—203)
931 698 1067 741 etiam
1105 697 1424 753 Thucydidem
1461 697 1585 741 huno
1622 711 1757 741 usum

212 769 449 811 adamasse
487 768 778 811 demonstrat.
842 767 1177 824 Antiphontem
1208 782 1314 811 vero
1354 768 1518 811 iisdem
1549 768 1756 823 vestigiis

211 837 501 892 arehegetam
531 836 661 880 illum
692 837 818 899 haud
841 852 941 881 raro
963 842 1170 881 secutum
1192 852 1289 881 esse
1311 837 1385 880 his
1408 837 1628 894 exemplis
1651 852 1757 882 eon-

210 906 431 952 firmatur:
478 909 504 951 I
534 907 605 960 7,3
645 909 871 963 ἀπελογεῖτο
909 909 971 950 καὶ
1007 908 1243 951 ἀντέσπευδε
1281 910 1380 965 πρὸς
1413 909 1500 965 ἐμέ,
1532 909 1569 951 V
1605 908 1757 960 52,3—4

211 1011 220 1019 .
238 1011 247 1020 .
264 1011 273 1020 .
289 979 331 1021 εἴ
344 996 376 1021 τι
406 977 553 1037 συνῄδη
584 980 742 1035 ἐμαυτῷ
773 980 835 1020 καὶ
855 978 896 1020 εἴ
909 979 946 1019 τί
957 995 1026 1034 μοι
1047 982 1220 1020 τοιοῦτον
1241 978 1444 1035 εζογαστο,
1476 977 1554 1021 ubi
1575 979 1755 1030 rectius,

209 1053 260 1092 ut
290 1062 393 1092 mea
425 1048 608 1105 quidem
639 1047 723 1092 fert
755 1048 1001 1100 sententia,
1025 1048 1232 1091 dixisset:
1265 1047 1306 1090 εἴ
1330 1048 1366 1089 τί
1387 1064 1480 1104 μοι.
1497 1079 1506 1089 .
1523 1048 1755 1106 .,εξ]ογαστο

211 1121 272 1160 καὶ
302 1118 343 1160 εἴ
366 1136 399 1160 τι
430 1118 595 1176 συνῄδη,
632 1119 720 1161 nisi
753 1118 874 1174 quod
906 1117 1022 1161 alius
1053 1117 1244 1161 fortasse
1275 1116 1390 1161 haee
1421 1119 1659 1162 enuntiata
1690 1118 1757 1162 al-

210 1192 356 1232 terum
379 1188 517 1232 alteri
549 1187 1004 1243 subiunxissetk'rwr'
1040 1189 1088 1230 ἂν
1109 1188 1150 1230 εἴ
1173 1189 1209 1229 τί
1221 1205 1290 1244 μοι
1311 1192 1484 1231 τοιοῦτον
1511 1190 1756 1246 εἰργασμένῳ

210 1258 371 1317 συνῄδη.
438 1260 500 1302 VI
539 1259 637 1311 24,1
677 1261 739 1300 καὶ
775 1263 896 1300 ταῦτα
934 1260 1029 1314 ἐμοῦ
1067 1259 1384 1316 προκαλουμένου
1421 1261 1483 1300 καὶ
1512 1260 1755 1314 λέγοντος1);

210 1328 396 1381 33,2-3;’
417 1328 536 1381 35,9;
568 1329 667 1381 4l,l
704 1328 775 1382 (ef.
800 1328 1085 1372 Similh'mum
1106 1329 1154 1372 in
1174 1328 1318 1382 4ss,4);
1351 1329 1449 1380 46,1
1485 1330 1677 1387 παρόντες
1695 1333 1757 1372 καὶ

210 1400 547 1459 ἐπιδημοῦντες2);
578 1399 743 1452 48,6-7.
797 1399 852 1443 In
883 1398 971 1444 hoe
1001 1413 1167 1455 genere
1199 1413 1292 1443 non
1325 1399 1483 1443 dubito
1513 1413 1681 1456 ponere
1703 1402 1754 1445 II

210 1488 236 1512 α
266 1470 338 1523 4,3
370 1471 523 1529 ἑτοᾲιην
554 1473 615 1512 καὶ
647 1472 973 1529 κατειργασμένην
1004 1473 1070 1529 τὴν
1101 1472 1305 1527 ὠφέλειαν.

327 1540 474 1585 Venio
522 1542 580 1585 ad
625 1555 762 1585 usum
805 1541 1152 1598 parataetieum,
1201 1541 1256 1585 de
1300 1555 1388 1598 quo
1431 1555 1578 1598 pauca
1616 1543 1754 1586 etiam

210 1610 467 1666 Bellingius
478 1613 512 1667 3)
545 1615 588 1655 et
615 1611 976 1655 Brinkmannius
985 1613 1021 1667 4)
1055 1613 1373 1655 disseruerunt.
1423 1611 1664 1668 Proprium
1686 1611 1754 1656 est

211 1683 333 1726 enim
354 1681 674 1738 Antiphontis,
709 1683 875 1738 quippe
906 1684 1136 1738 sequentis
1168 1681 1296 1725 illam
1319 1681 1635 1738 *antiquiorum
1656 1684 1754 1731 λέξιν

210 1753 412 1811 εἰρομένην
444 1766 558 1809 quae
580 1756 782 1808 vocatur,
815 1753 903 1795 duo
933 1753 1170 1796 enuntiata
1192 1753 1288 1796 sive
1309 1752 1528 1805 membra,
1561 1766 1675 1809 quae
1698 1766 1754 1796 ex

209 1827 331 1866 reeta
348 1814 580 1877 ‘cogitandi
596 1824 769 1866 ratione
787 1822 982 1866 alterum
1000 1822 1129 1866 alteri
1146 1822 1496 1877 subiungantur,
1514 1825 1575 1864 καὶ
1590 1822 1754 1867 vocula

208 1894 307 1949 pari
333 1892 435 1937 loeo
466 1895 652 1950 ponere.
699 1893 770 1937 Ao
790 1895 990 1950 primum
1010 1893 1335 1950 perlustremus
1358 1907 1461 1937 eum
1482 1907 1631 1946 usum,
1665 1908 1753 1950 quo

207 1963 434 2010 membra.
467 1964 639 2007 causali
669 1964 804 2007 modo
838 1963 1109 2020 oepulanda,
1142 1963 1407 2021 simpliciter
1439 1966 1501 2006 καὶ
1529 1963 1755 2021 particula

209 2035 556 2088 coniunguntur.
608 2033 835 2090 Exempla
856 2048 883 2077 a
904 2033 1238 2078 Brinkmannio
1263 2036 1323 2090 (p.
1344 2034 1419 2089 62)
1450 2034 1615 2078 eollata
1641 2034 1755 2079 haee

209 2108 335 2148 sunt:
375 2106 411 2147 V
433 2104 503 2157 5,3
535 2108 765 2163 συγγνώμην
796 2105 898 2164 ἔχειν
924 2122 993 2161 μοι
1022 2108 1083 2147 καὶ
1103 2106 1290 2163 ἡγεῖσθαι
1313 2107 1471 2163 ἀπειρίᾳ
1493 2108 1589 2149 αὐτὸ
1605 2109 1755 2162 μᾶλλον

207 2175 231 2234 ἢ
254 2175 383 2234 ἀδικίᾳ
403 2177 656 2235 ἡμαρτῆσθαι
667 2174 786 2232 5)3'V
806 2175 923 2228 12,4;
941 2174 984 2219 V
1002 2175 1174 2229 38,7—8;
1197 2174 1368 2229 70,3-4;
1393 2175 1564 2229 72,4—5;
1587 2176 1750 2230 76,3-4.

207 2247 270 2289 VI
304 2246 472 2298 11,1-2;
506 2246 676 2298 25,1-3;
710 2246 862 2299 26,3-4
893 2248 981 2305 ἐξῆν
1012 2249 1144 2297 αὐτοῖς
1171 2247 1440 2289 πυνθάνεσθαι
1475 2249 1536 2289 καὶ
1563 2249 1758 2304 πρόφασις

303 2353 331 2396 1)
358 2353 482 2388 carol.
508 2354 674 2388 Mueller
706 2354 791 2391 hoc>
810 2354 924 2388 modo
951 2355 1084 2388 vertit:
1124 2355 1250 2395 „Haec
1278 2354 1479 2388 dictitante
1506 2358 1543 2388 ct
1569 2355 1754 2388 offerente

208 2421 426 2459 meqeoram
449 2412 686 2453 iudieibus“;
711 2416 914 2455 praeterea
931 2413 989 2446 VI
1007 2412 1084 2454 23,1
1111 2415 1266 2446 exstant
1283 2413 1384 2447 iusto
1404 2413 1557 2447 ordine:
1584 2413 1639 2447 καὶ
1657 2413 1754 2447 εἶπόν

207 2483 248 2504 τε
272 2473 385 2504 ταῦτα
403 2496 411 2504 .
430 2495 438 2504 .
457 2496 466 2504 .
491 2471 546 2505 καὶ
572 2472 857 2518 προυκαλούμην.

302 2528 330 2573 ²)
359 2529 564 2573 Similiter,
593 2530 662 2564 sed
687 2532 789 2565 iusto
816 2531 952 2565 ordine
978 2532 1086 2566 Dem.
1115 2530 1162 2564 de
1189 2541 1264 2565 eor.
1292 2530 1357 2564 239
1387 2557 1395 2564 .
1414 2557 1421 2564 .
1440 2556 1449 2565 .
1474 2529 1548 2565 τότ’
1575 2533 1622 2565 ὢν
1648 2533 1684 2564 ἐν
1708 2534 1752 2577 τῇ

209 2588 308 2622 πόλει
333 2587 389 2623 καὶ
414 2589 548 2634 παρών.

301 2646 330 2691 3)
357 2648 526 2690 Belling,
552 2648 599 2682 de
625 2649 877 2692 periodorum
903 2649 993 2683 Ant.
1021 2650 1251 2693 symmetria
1276 2651 1398 2684 Bresl.
1427 2649 1527 2691 1868,
1552 2660 1588 2692 p.
1607 2650 1662 2683 26.

302 2705 330 2750 4)
357 2705 619 2750 Brinkmann,
645 2707 692 2741 de
719 2708 810 2742 Ant.
837 2704 889 2742 or.
917 2708 964 2742 de
992 2707 1095 2742 chor.
1121 2709 1227 2752 Lips.
1255 2708 1311 2751 88,
1336 2719 1372 2752 p.
1392 2708 1446 2741 62.

302 2764 330 2809 5)
358 2757 560 2800 Sententia
585 2767 819 2801 secundaria
845 2767 961 2801 etiam
986 2768 1029 2801 in
1054 2768 1175 2802 altero
1201 2768 1376 2801 membro
1401 2767 1496 2810 poni
1520 2767 1633 2807 solet;
1658 2766 1751 2800 item

207 2823 265 2856 VI
289 2822 363 2864 5‚2;
387 2822 525 2866 48,6-7;
551 2823 687 2866 26,4-5;
712 2820 842 2867 43‚3-4.
