1963 3126
857 209 1092 247 -38-

606 370 868 413 εἴτε-εἴτε
901 372 1002 421 (ἐάν
1033 371 1240 413 τε-ἐιὶν
1270 373 1349 424 τε).

320 460 498 506 Harum
536 463 720 519 quidem
755 463 1081 519 particularum
1111 476 1223 507 usus
1256 464 1380 520 apud
1411 462 1756 507 Rhamnusium

202 532 465 575 rarissimus
505 537 592 583 est3
632 546 724 575 uno
764 534 885 575 enim
922 531 1038 583 loco,
1069 534 1122 576 H
1156 533 1240 587 72,
1273 537 1484 576 exaratur
1513 533 1753 576 εἴτε-εἴτε.

203 601 294 645 Sed
325 603 363 645 si
397 602 498 658 quis
530 602 750 645 intentius
782 600 1024 658 perlegerit
1055 603 1281 646 orationes
1312 605 1337 647 I
1370 606 1414 646 et
1444 604 1494 655 V,
1527 616 1632 647 eum
1662 616 1756 647 non

203 671 348 727 fugiet
368 670 706 729 Antiphontem
744 671 845 716 alio*
866 686 1009 729 eoque
1029 675 1211 729 proprio
1233 674 1371 717 modo
1394 674 1643 717 sententias
1665 673 1757 716 dis-

204 743 421 786 iunxisse.
477 741 544 786 Ut
580 743 702 787 enim
732 742 824 787 illis
857 743 1136 787 orationibus
1167 757 1248 800 pro
1281 745 1465 786 καὶ-καὶ
1496 744 1592 788 sive
1614 761 1758 787 τε-τε

202 813 431 870 peculiare
469 817 538 856 est
568 817 682 855 τοῦτο
709 815 957 870 μὲν-τοῦτο
989 815 1047 866 δὲ,
1080 815 1145 858 Sic
1175 828 1256 871 pro
1288 813 1503 857 εἴτε-εἴτε
1535 816 1624 869 (ἐάν
1655 831 1758 858 τε-

204 886 273 926 ἐα’ν
294 887 356 936 τε)
389 884 437 926 in
468 897 603 927 usum
634 873 827 927 veniunt
858 888 971 926 τοῦτο
999 886 1072 940 μὲν
1093 887 1127 927 εἷ
1148 887 1458 940 (ἐὰν)-τσῦτο
1490 886 1536 927 δὲ
1567 888 1602 928 εἷ
1633 887 1755 941 (ἐάν),

206 956 328 1012 quod
364 954 438 997 his
471 953 692 1010 exemplis
724 954 1043 999 illustrabitur:
1075 957 1100 999 I
1126 956 1147 998 1
1182 957 1345 1013 ἀπόρως
1372 955 1454 1015 ἔχει
1479 973 1549 1012 μοι
1580 958 1757 1013 περὶτοῦ

207 1029 528 1083 πράγματος...,
567 1029 706 1067 τοῦτο
739 1028 826 1082 μὲν
863 1029 904 1068 εἷ
939 1028 1221 1084 ἐπισκήψαντος
1255 1031 1322 1069 τοῦ
1360 1030 1509 1084 πατρὸς
1537 1027 1759 1075 ἐπεξελθεῖν

206 1100 286 1146 τοῖς
320 1097 462 1138 ἑαυτοῦ
499 1099 660 1153 φονεῦσι
691 1098 747 1154 μὴ
779 1097 964 1153 ἐπέξειμι,
1004 1100 1140 1140 τοῦτο
1173 1099 1224 1139 δὲ
1256 1099 1295 1140 εἷ
1325 1099 1509 1146 ἐπεξιόντι
1539 1098 1762 1152 ἀναγκαίως

205 1167 288 1226 ἔχει
319 1168 378 1217 οἷς
405 1169 544 1225 ἥκιστα
576 1168 697 1225 ἐχρῆν
728 1168 768 1208 ἐν
800 1166 977 1225 διαφορᾷ
1009 1172 1267 1225 καταστῆναι;
1301 1171 1345 1211 θῖ
1375 1169 1412 1211 V
1434 1168 1460 1211 5
1492 1168 1588 1210 τάδε
1619 1168 1759 1224 δέομαι

206 1240 324 1294 ὑμῶν,
351 1241 490 1279 τοῦτο
509 1239 594 1293 μὲν
616 1239 673 1279 ἐα’
678 1254 697 1278 ν
718 1254 750 1279 τι
772 1241 817 1296 τῇ
842 1240 1000 1295 γλώσσῃ
1022 1240 1203 1295 ἁμάρτω,
1226 1241 1456 1297 συγγνώμην
1477 1239 1580 1298 ἔχειν
1595 1256 1665 1295 μοι
1679 1270 1688 1279 .
1706 1270 1715 1279 .
1732 1271 1756 1287 .,

206 1312 341 1350 τοῦτο
374 1309 425 1349 δὲ
456 1309 536 1349 ἐάν
568 1325 600 1350 τι
632 1308 770 1365 ὀρθῶς
799 1307 908 1357 εἴπω,
942 1309 1112 1366 ἀληθείᾳ
1138 1311 1287 1364 μᾶλλον
1316 1308 1340 1367 ἢ
1365 1308 1552 1367 δεινότητι
1574 1310 1759 1367 εἷρῆσθαι

207 1378 320 1433 (scil.
355 1379 572 1436 ἡγεῖσθαι).

751 1672 845 1714 111.
878 1671 1222 1715 Adversativae.

923 1765 1054 1805 ἀλλὰ.

326 1861 425 1901 ἀλλὰ
446 1857 719 1915 particulam
740 1858 788 1901 id
810 1859 1036 1909 inducere,
1059 1858 1180 1913 quod
1201 1857 1479 1912 praegressis
1497 1858 1761 1901 adversetur

208 1934 251 1974 et
289 1929 415 1974 hunc
452 1930 501 1973 in
538 1929 726 1973 modum
764 1928 822 1972 ab
861 1927 1074 1972 omnibus
1115 1928 1323 1984 usurpari
1362 1927 1646 1985 exploratum
1678 1932 1756 1973 θεῖ.

207 2002 349 2057 Apud
391 1999 728 2056 Antiphontem
766 2013 872 2043 vero
910 2000 957 2042 id
996 1999 1201 2042 studium
1237 1999 1499 2055 praevalere
1537 2000 1760 2052 videmus,

208 2085 296 2128 quo
341 2071 463 2114 hanc
499 2070 771 2127 particulam
809 2069 1095 2113 antecedenti
1134 2071 1181 2111 οὐ
1221 2069 1398 2112 obiciat.
1470 2068 1546 2112 Sic
1584 2070 1761 2114 exsistit

207 2142 357 2196 figura
392 2141 473 2185 illa
510 2140 811 2192 antitheseos,
844 2153 962 2196 quae
994 2139 1275 2196 Antiphonti
1305 2153 1583 2196 magnopere
1615 2145 1682 2183 est
1713 2141 1761 2184 in

209 2211 396 2257 deliciis.
460 2211 673 2266 Longum
696 2214 764 2255 cst
786 2211 940 2255 omnia
962 2209 1172 2267 exempla
1194 2223 1471 2261 enumerare,
1506 2224 1608 2253 cum
1628 2224 1760 2267 prae-

208 2285 364 2328 sertim
395 2284 443 2327 in
475 2284 618 2327 altera
650 2296 828 2340 quaque
859 2295 1005 2339 paene
1038 2281 1229 2325 dixerim
1260 2280 1549 2338 paragrapho
1579 2280 1670 2324 tale
1691 2281 1762 2324 in-

208 2355 431 2399 veniatur.
494 2353 655 2411 Neque
686 2367 793 2397 vero
825 2366 919 2397 non
950 2352 1160 2408 longum,
1199 2353 1279 2396 sed
1311 2365 1415 2396 cum
1447 2352 1571 2409 apud
1603 2365 1760 2397 omnes

210 2426 324 2470 haec
356 2426 580 2482 oppositio
614 2428 773 2477 exstet,
806 2425 943 2468 etiam
975 2423 1166 2467 fortasse
1196 2422 1448 2480 periculum
1481 2426 1562 2475 est,
1584 2437 1642 2467 ne
1664 2436 1761 2467 am-

209 2496 346 2554 plius,
369 2510 506 2552 quam
527 2495 659 2539 nobis
676 2496 960 2551 propositum
978 2498 1059 2546 est,
1080 2495 1293 2551 progredi
1309 2495 1558 2537 videamur.
1602 2493 1762 2550 Itaque

211 2582 264 2613 ea
300 2570 483 2611 tantum
521 2565 684 2621 eligere
723 2564 879 2617 liceat,
919 2564 1085 2622 quibus
1122 2565 1413 2621 potissimum
1444 2562 1763 2621 Antiphontea

211 2637 443 2683 subtilitas
483 2640 803 2692 cognoscatur,
847 2637 874 2679 i.
906 2649 941 2680 e.
982 2635 1030 2679 in
1068 2635 1234 2692 quibus
1274 2634 1470 2679 alterum
1506 2634 1763 2680 membrum

210 2708 492 2766 superfluum
524 2712 569 2752 et
600 2707 785 2751 nonnisi
816 2708 874 2750 ad
896 2706 1090 2750 alterum
1111 2707 1412 2763 premendum
1435 2706 1642 2749 additum
1664 2719 1762 2750 esse

210 2781 259 2824 in
290 2784 503 2837 promptu
534 2778 918 2834 manifestumque
950 2782 1029 2822 est.
1093 2777 1233 2822 Velut
1263 2780 1288 2822 I
1320 2777 1390 2830 3,3
1417 2779 1473 2835 μὴ
1507 2778 1630 2826 ἅπαξ,
1664 2779 1762 2820 ἀλλὰ
