1963 3126
218 319 257 374 (I
290 319 364 373 11)
405 319 638 374 singulare
670 318 945 376 exemplum,
977 319 1059 363 ubi
1092 321 1169 377 γὰρ
1202 324 1270 363 est
1300 320 1536 372 insertum,
1572 320 1622 364 cf.
1657 321 1773 365 haec

145 437 150 442 ¹
219 388 388 432 similia
418 390 456 432 V
485 388 564 440 42;
596 391 650 433 II
683 406 708 443 γ
736 389 783 440 5;
814 391 894 433 III
928 407 952 443 γ
983 389 1048 433 10.

334 457 411 501 Ad
457 461 713 503 extremum
759 458 1010 503 videndum
1058 463 1126 503 est
1172 460 1227 504 de
1277 461 1354 518 γὰρ
1401 461 1582 504 omisso.
1656 459 1772 504 Cum

218 527 495 571 Graecorum
533 543 680 572 sermo
717 533 847 571 tanta
888 529 1215 584 particularum
1255 531 1383 585 copia
1422 534 1660 585 praestans
1699 531 1771 581 sit,

217 612 309 653 qua
341 598 400 641 ad
423 598 748 643 subtilissimas
771 599 1100 643 sententiarum
1121 600 1483 644 necessitudines
1507 598 1772 654 significan-

218 669 299 712 das
321 668 490 721 valeat,
522 670 597 714 lex
619 674 700 721 est,
732 674 782 713 ut
804 671 1060 714 sententiae
1081 685 1173 714 non
1196 669 1415 715 dissolute
1438 671 1770 715 continuentur.

216 738 293 783 Ab
325 738 414 784 hac
447 741 632 797 quidem
662 741 822 795 regula
853 740 929 784 vel
961 742 1155 798 optimos
1187 741 1426 798 scriptores
1458 741 1534 786 hic
1565 740 1658 785 illic
1681 741 1773 784 dis-

217 823 401 865 crepare
433 811 777 853 concedendum
801 816 886 861 est;
918 825 1077 854 verum
1100 816 1254 854 tamen
1275 813 1314 854 is
1336 826 1446 854 usus
1468 812 1592 866 apud
1615 825 1772 854 omnes

219 879 506 932 observatur,
546 884 595 924 ut
631 879 710 924 ubi
747 880 795 923 in
828 881 1064 925 enuntiato
1096 881 1244 938 priore
1275 880 1465 925 verbum
1499 881 1682 938 aliquod
1714 881 1773 924 ad

217 951 454 1005 sequentia
491 954 666 1007 spectat
681 953 731 1003 ¹),
770 952 818 993 id
852 953 929 1008 γὰρ
960 951 1185 1007 particula
1217 952 1463 995 evolvatur.
1533 951 1635 994 Hac
1671 951 1772 1004 lege

216 1021 586 1077 Antiphonteam
630 1022 931 1065 elocutionem
975 1023 1183 1065 nondum
1226 1021 1364 1078 plano
1402 1022 1664 1066 obstrictam
1704 1022 1772 1064 vi-

217 1091 390 1134 demus.
455 1090 595 1134 Velut
626 1093 651 1134 I
684 1091 736 1134 21
771 1095 876 1147 post
906 1092 1116 1147 σκέψασθε
1148 1093 1352 1147 pergitur
1383 1094 1462 1146 ἐγὼ
1488 1093 1562 1148 μέν
1596 1108 1638 1144 γε
1671 1092 1772 1145 (sed

218 1161 269 1204 cf.
296 1160 339 1202 V
369 1162 446 1214 49;
478 1160 545 1204 VI
576 1162 675 1216 4l);
706 1164 743 1205 V
777 1163 832 1205 14
862 1167 967 1218 post
998 1165 1184 1204 κάλλιστα
1216 1164 1344 1218 νόμων
1371 1164 1570 1204 ἁπάντων·
1605 1164 1772 1220 [jn-dioga

214 1232 288 1286 μέν
329 1248 372 1285 γε
410 1233 543 1281 αὐτοῖς
577 1233 679 1285 (sed
718 1231 771 1275 Cf.
805 1231 873 1275 VI
905 1232 972 1286 2);
1010 1233 1119 1275 item
1150 1232 1208 1276 49
1241 1234 1313 1274 δύο
1344 1234 1449 1286 λόγω
1477 1264 1486 1273 .
1511 1263 1520 1273 .
1545 1264 1554 1272 .
1589 1233 1675 1273 τοτὲ
1700 1233 1773 1287 μὲν

216 1301 442 1358 ἔφη-τοτὲ
473 1303 537 1353 ὃε;
570 1303 633 1345 VI
665 1302 692 1345 9
725 1334 734 1343 .
760 1334 768 1343 .
795 1338 802 1345 .
838 1304 963 1344 δεινὸν
995 1334 1004 1343 .
1030 1333 1038 1343 .
1063 1338 1073 1347 .
1105 1303 1166 1344 ἵνα
1193 1304 1266 1358 μὲν
1298 1304 1386 1360 ἐξῆν
1418 1304 1564 1352 αὐτοῖςς
1607 1301 1660 1344 14
1693 1333 1702 1342 .
1727 1334 1736 1342 .
1761 1333 1770 1342 .

217 1371 343 1420 οὕτως
386 1370 468 1429 ἔχει
499 1403 509 1412 .
534 1403 543 1412 .
567 1407 577 1417 .
626 1373 757 1413 πολλοὶ
802 1377 878 1413 τῶν
925 1375 1219 1429 περιεστώτιυν;
1276 1372 1327 1415 11
1376 1375 1480 1427 post
1523 1372 1693 1428 ᾤοξομαι
1726 1372 1772 1412 δὲ

217 1442 399 1483 ἐντεῦθεν
411 1441 610 1484 narratio
626 1442 727 1497 ipsa
742 1441 962 1485 dissolute
972 1442 1150 1498 incipit:
1184 1443 1317 1499 ἐπειδὴ
1325 1444 1506 1500 χορηγὸς
1517 1442 1771 1499 κατεστάθην.

336 1509 549 1554 Eandem
580 1513 903 1568 proprietatem
936 1511 1079 1555 habes
1111 1512 1159 1554 in
1190 1510 1354 1555 tetrall.
1389 1513 1440 1554 II
1474 1528 1498 1565 γ
1526 1510 1616 1562 6„2;
1653 1510 1771 1562 11‚3;

217 1583 296 1624 III
330 1598 355 1634 γ
387 1581 558 1632 10,3-4;
591 1582 654 1624 IV
685 1583 717 1635 β
745 1581 836 1632 7,3;
870 1583 896 1622 ὃ
926 1580 1009 1632 62.

1034 1770 1043 1781 Ὶ

941 1770 1057 1810 ἐπει

337 1865 419 1905 ἐπεὶ
454 1861 667 1906 voculam
706 1876 733 1906 a
765 1861 950 1906 Graecis
987 1863 1161 1919 passim
1198 1876 1279 1918 pro
1315 1863 1392 1919 γὰρ
1424 1861 1631 1916 usurpari
1662 1861 1773 1904 satis

219 1937 410 1977 constat.
475 1932 635 1988 Itaque
673 1946 774 1976 eam
813 1933 936 1988 apud
967 1937 1173 1976 nostrum
1205 1945 1385 1987 quoque
1417 1930 1614 1973 inveniri
1644 1929 1772 1974 nullo

218 2004 354 2047 modo
375 2004 543 2046 mirum
565 2006 653 2054 θεῖς
675 2002 842 2045 mirum
863 2016 971 2046 vero
995 2006 1077 2054 est,
1101 2002 1223 2058 quod
1245 2006 1437 2057 utroque
1457 1998 1545 2056 quo
1564 2003 1775 2043 exaratur

218 2073 317 2117 loco
351 2074 391 2116 ei
423 2090 480 2115 τοι
500 2072 728 2129 particula
750 2073 1060 2127 exaggerandi
1083 2085 1222 2115 causa
1243 2071 1476 2122 subicitur,
1509 2084 1646 2126 quam
1668 2084 1774 2113 con-

219 2144 499 2188 iunctionem
531 2144 637 2198 (ἐπεί
655 2161 712 2186 τοι
735 2144 845 2198 [rep
877 2143 937 2186 ad
962 2146 1202 2198 poetarum
1223 2140 1437 2197 exempla
1458 2140 1602 2184 redire
1625 2141 1773 2184 cuius-

218 2215 289 2257 vis
321 2219 389 2258 est
419 2214 685 2271 perspicere.
740 2213 861 2257 Nam
893 2213 1139 2257 sescenties
1170 2212 1219 2255 in
1248 2225 1404 2256 eorum
1428 2209 1556 2254 libris
1580 2211 1773 2266 reperies

219 2286 304 2327 ἐπεί
331 2302 389 2327 τοι
420 2286 493 2328 vel
525 2286 611 2327 ἐπεί
637 2286 699 2326 τοί
729 2302 772 2339 γε
807 2284 883 2328 vel
914 2285 998 2326 ἐπεί
1026 2301 1083 2326 τοι
1114 2287 1193 2332 καὶ,
1236 2283 1287 2327 cf.
1323 2282 1521 2339 exempli
1552 2295 1691 2325 causa
1720 2282 1771 2325 Il.

219 2355 241 2399 I
271 2355 378 2406 416;
415 2354 554 2412 Soph.
590 2354 752 2398 Trach.
787 2354 892 2405 320;
930 2353 999 2398 ΕΙ.
1035 2353 1140 2406 323;
1180 2352 1231 2398 Ο.
1258 2352 1304 2397 C.
1339 2351 1447 2403 43&
1489 2350 1594 2394 Eur.
1627 2351 1770 2395 Andr.

220 2425 298 2478 89;
337 2425 457 2471 Med.
492 2425 598 2478 677;
640 2426 759 2470 addo
798 2439 854 2469 ex
892 2424 1105 2469 Platone:
1146 2423 1331 2468 Theaet.
1375 2421 1458 2465 142
1490 2420 1549 2473 B;
1590 2421 1770 2474 Charm.

224 2497 308 2540 154
339 2496 398 2547 Ε;
430 2510 543 2553 resp.
578 2496 689 2540 VIII
722 2496 807 2540 567
840 2496 891 2540 E.
948 2496 1087 2552 Apud
1118 2495 1465 2538 Rhamnusium
1497 2497 1681 2536 exstant
1711 2495 1773 2537 VI

221 2568 248 2612 9
263 2569 348 2610 ἐπεί
363 2568 426 2610 τοί
442 2585 486 2622 γε
499 2569 562 2610 καὶ
575 2568 713 2616 δεινόν,
734 2568 767 2609 ὧ
782 2568 928 2625 ἄνδρες
945 2570 989 2610 et
1007 2566 1065 2609 ib.
1086 2566 1140 2609 14
1159 2566 1245 2619 ἐπεί
1254 2582 1312 2607 τοι
1326 2565 1452 2614 οὕτως
1462 2563 1555 2622 ἔχει,
1570 2564 1604 2606 ὦ
1618 2564 1771 2621 ἄνδρες.

275 2772 304 2774 ->-
318 2793 344 2836 1)
372 2793 419 2826 cf.
446 2771 636 2826 K—uehner
662 2792 685 2825 1.
705 2802 735 2825 o.
754 2802 790 2834 p.
809 2791 887 2824 853.
