1963 3126
871 210 1108 249 „42-

212 313 261 357 in
291 311 383 357 fine
416 314 596 373 ἀνάγκη
628 315 680 357 δὲ
711 318 779 373 τῆς
807 315 916 374 δίκης
944 315 1130 358 νικᾶσθαι
1162 316 1272 373 παρὰ
1304 317 1347 357 τὸ
1379 315 1538 374 ἀληθές,
1574 317 1695 358 αὐτοῦ
1727 331 1768 358 τε

213 387 281 426 τοῦ
320 385 513 443 ἀληθοῦς
557 384 790 429 simillime
827 385 924 429 loco
962 383 1158 439 gemello
1203 387 1263 430 vl
1301 384 1339 429 5.
1417 384 1592 429 Eodem
1630 398 1768 429 sensu

214 455 360 510 accipi
396 458 547 511 potest
585 456 622 499 V
655 455 709 499 15
747 457 794 498 σὺ
832 457 878 498 δὲ
910 457 1033 512 μόνος
1068 457 1117 514 δὴ
1156 457 1392 514 τετόλμηκας
1428 456 1616 510 γενέσθαι
1655 472 1765 512 νομο-

214 525 334 583 θέτης
369 527 430 566 ἐπὶ
465 527 513 567 τὰ
552 527 812 584 πονηρότερα.
882 528 944 568 καὶ
980 529 1103 568 ταῦτα
1141 527 1355 583 παρελθὼν
1392 527 1517 584 ζητεῖς
1539 543 1593 582 με
1623 526 1771 576 ἀδίκως

214 595 415 637 ἀπολέσαι.
456 596 482 636 ἃ
505 596 556 638 δὲ
577 597 624 638 σι)
646 599 896 653 παρανομεῖς,
920 597 1021 638 αὐτὰ
1043 597 1169 637 ταῦτα’
1177 612 1247 652 μοι
1258 596 1428 652 μέγιστα
1445 597 1634 655 τεκμήριά
1647 597 1765 638 ἐστιν.

334 663 456 717 Quid
486 666 656 719 igitur?
687 664 761 709 his
795 666 1016 721 exemplis
1048 679 1202 710 nonne
1233 666 1357 710 illius
1389 666 1608 710 iudicium
1640 665 1768 710 labe-

214 734 375 779 factari
407 736 617 780 videtur?
677 736 743 780 At
779 736 901 780 enim
932 735 1019 780 hoc
1050 749 1196 791 genus
1229 737 1278 780 in
1308 735 1471 780 tetrall.
1504 735 1649 779 multo
1681 735 1767 780 fre-

214 807 428 862 quentius
467 811 547 850 est.
617 806 761 860 Quasi
792 821 899 851 vero
931 806 1004 850 his
1038 807 1374 851 discriminibus
1407 807 1531 862 apud
1562 810 1767 851 nostrum

214 877 462 933 quicquam
504 877 734 933 probabili
777 878 951 922 ratione
990 877 1318 935 comprobetur.
1388 877 1599 930 Accedit,
1647 878 1768 934 quod

213 946 289 990 hic
310 946 475 991 tetrall.
501 949 742 1004 praecipue
764 949 975 1004 proprius
997 961 1109 991 usus
1132 949 1192 991 ad
1216 947 1555 991 dialecticorum
1577 962 1767 991 acumen

215 1018 445 1073 quoddam
485 1022 530 1061 et
567 1019 749 1062 dicendi
785 1017 1087 1062 subtilitatem
1125 1022 1321 1074 spectat,
1364 1031 1503 1074 quam
1540 1017 1768 1062 declama-

212 1086 414 1131 tionibus
459 1089 613 1143 potius
661 1102 798 1144 quam
836 1088 1118 1132 orationibus
1158 1089 1399 1131 convenire
1437 1092 1649 1143 apertum
1686 1092 1763 1131 cst.

213 1157 399 1201 Etenim
441 1159 582 1209 „dans
619 1158 687 1203 les
727 1160 931 1203 discours
970 1158 1214 1215 Antiphon
1252 1158 1379 1215 parle
1419 1173 1478 1203 au
1514 1173 1624 1203 nom
1657 1160 1767 1202 d'un

214 1232 341 1271 autre
375 1229 488 1283 (scil.
522 1231 676 1273 minus
709 1230 912 1284 eruditi):
953 1224 1114 1273 est—il
1145 1230 1364 1286 probable
1396 1230 1504 1286 qu'il
1527 1230 1768 1286 s'exprime

215 1312 390 1342 comme
422 1299 492 1342 s'il
526 1300 651 1343 avait
683 1301 710 1343 a
740 1299 891 1356 parler
923 1314 979 1344 en
1011 1315 1094 1344 son
1126 1314 1289 1357 propre
1321 1304 1483 1344 nom?“
1501 1303 1544 1355 ¹).

331 1367 470 1413 Nunc
501 1371 813 1426 quaerendum
844 1374 914 1414 est
946 1371 1002 1414 de
1032 1371 1306 1427 proprietate
1333 1372 1406 1427 μὲν
1438 1374 1544 1414 ante
1567 1372 1612 1413 δὲ
1635 1371 1767 1415 omit-

213 1439 352 1482 tendi.
407 1438 653 1483 Sollemnis
686 1438 965 1483 Graecorum
997 1441 1111 1483 ratio
1144 1439 1242 1491 fert,
1276 1445 1340 1492 ut,
1373 1440 1453 1484 ubi
1484 1441 1601 1484 duae
1631 1454 1774 1484 voces.

215 1508 302 1551 sibi
323 1514 629 1564 opponuntur,
652 1508 783 1552 alteri
799 1511 886 1565 μὲν,
909 1508 1041 1553 alteri
1058 1511 1104 1551 δὲ
1121 1509 1382 1553 subiciatur.
1423 1509 1573 1553 Aliter
1589 1508 1767 1552 Rham-

214 1580 386 1623 nusius.
453 1579 594 1636 Apud
632 1593 756 1631 eum,
794 1584 1110 1636 praeterquam
1147 1581 1267 1636 quod
1298 1580 1528 1624 interdum
1560 1580 1768 1637 opposita

214 1649 424 1693 membra
462 1650 588 1693 haud
625 1651 690 1693 ita
727 1649 927 1693 dilucide
965 1650 1195 1693 elaborata
1227 1655 1354 1701 sunt,
1391 1650 1465 1694 vel
1495 1651 1545 1693 in
1574 1651 1650 1702 iis,
1688 1650 1768 1693 ubi

214 1733 331 1776 pura
384 1724 428 1764 et
480 1721 722 1764 emendata
774 1719 1004 1764 scribendi
1049 1720 1164 1764 ratio
1210 1725 1450 1777 utramque
1495 1721 1767 1777 particulam

213 1791 433 1846 postulat,
460 1793 534 1846 μὲν
564 1790 704 1846 plane
736 1791 954 1834 omissam
986 1792 1208 1835 videmus
1279 1790 1418 1834 Cuius
1448 1792 1629 1845 generis
1662 1795 1768 1834 sunt

213 1862 238 1904 I
274 1860 323 1904 ll
365 1862 399 1903 εἷ
435 1860 565 1903 οὗτοι
597 1893 607 1902 .
639 1893 648 1902 .
681 1893 690 1902 .
729 1861 929 1920 ἠθέλησαν
961 1893 970 1902 .
1003 1893 1011 1902 .
1043 1893 1073 1910 .,
1114 1862 1205 1915 ἐγὼ
1243 1861 1295 1903 δὲ
1328 1863 1385 1920 μὴ
1414 1861 1609 1920 ἠθέλησας
1650 1860 1767 1913 16,3;

217 1931 386 1982 19,5-7;
425 1933 461 1974 V
492 1932 584 1983 7.3;
617 1931 789 1984 65‚8-9;
822 1932 892 1983 54,
924 1931 1002 1974 ubi
1034 1933 1082 1974 in
1113 1932 1214 1988 ipsa
1245 1931 1482 1988 anaphora
1507 1934 1581 1988 μὲν
1611 1932 1767 1985 negle-

213 2002 357 2055 gitur,
400 2003 477 2059 qui
514 2017 625 2046 usus
665 2003 725 2046 ad
761 2003 1044 2059 poetarum2)
1085 2001 1347 2059 exemplum
1384 2001 1644 2046 referendus
1676 2006 1765 2055 est;

213 2086 346 2129 porro
378 2073 549 2125 70‚4-6;
581 2073 753 2124 77,2-3;
791 2073 963 2125 94‚2-3;
997 2075 1058 2117 VI
1090 2073 1227 2125 8,5-6,
1258 2073 1338 2116 ubi
1371 2085 1452 2129 pro
1480 2090 1549 2129 μοι
1580 2085 1767 2128 exspec-

213 2145 383 2186 taveris
415 2146 501 2200 ἐμοὶ
532 2143 607 2186 vel
638 2146 817 2201 ε’μαυτῴς
853 2144 1022 2196 15,4-5;
1055 2140 1220 2196 29,5-6.

331 2213 385 2256 In
428 2213 681 2268 tetralogiis
728 2218 911 2258 exstant
947 2216 999 2258 II
1037 2232 1063 2256 α
1102 2214 1243 2266 2,4-5;
1281 2215 1313 2268 β
1345 2213 1516 2265 11,2-4;
1564 2214 1590 2254 ὃ
1626 2213 1766 2264 3,1-4;

214 2286 293 2328 III
328 2301 352 2338 γ
381 2284 463 2335 3,8.

333 2353 433 2398 Hac
464 2355 603 2409 igitur
635 2355 912 2412 proprietate
944 2354 1084 2410 probe
1106 2353 1201 2397 fixa
1223 2368 1275 2397 ac
1297 2354 1500 2398 stabilita
1522 2353 1767 2411 compluri-

214 2425 301 2469 bus
337 2424 470 2477 locis,
510 2440 622 2482 quos
661 2440 901 2481 perperam
942 2427 1084 2469 critici
1123 2430 1378 2477 tentarunt,
1417 2424 1567 2468 lucem
1607 2424 1766 2469 afferre

214 2510 476 2553 possumus:
516 2497 579 2541 v1
610 2496 797 2549 7,3-8‚1;
833 2496 1007 2549 43‚3-4;
1046 2497 1155 2540 item
1192 2496 1241 2540 in
1278 2495 1441 2540 tetrall.
1475 2496 1527 2539 II
1559 2496 1585 2538 ὃ
1617 2495 1765 2548 11,4-7

217 2567 291 2622 (cf.
324 2582 366 2624 p.
393 2567 482 2622 24).

312 2675 338 2719 ¹)
366 2675 412 2708 cf.
441 2675 604 2717 Cucuel,
638 2674 738 2708 essai
770 2685 839 2708 sur
871 2676 908 2708 la
942 2675 1087 2717 langue
1121 2678 1157 2709 et
1190 2676 1225 2708 le
1255 2675 1355 2718 style
1383 2674 1430 2707 de
1456 2673 1639 2707 l'orateur
1666 2673 1768 2716 Ant,

214 2735 326 2768 Paris
355 2734 456 2775 1886,
482 2744 518 2776 p.
540 2735 617 2768 131.

310 2792 338 2836 ²)
366 2792 412 2825 cf.
440 2792 632 2835 Krueger,
657 2793 680 2825 l.
700 2792 723 2826 1.
751 2791 773 2835 ξ
792 2792 868 2835 59,1
898 2792 1014 2825 Anm.
1032 2792 1065 2825 4.
