<?xml version="1.0" encoding="UTF-8"?>
<!DOCTYPE html PUBLIC "-//W3C//DTD XHTML 1.0 Transitional//EN"
    "http://www.w3.org/TR/xhtml1/DTD/xhtml1-transitional.dtd">
<html xmlns="http://www.w3.org/1999/xhtml" xml:lang="en" lang="en">
 <head>
  <title>
</title>
<meta http-equiv="Content-Type" content="text/html;charset=utf-8" />
  <meta name='ocr-system' content='tesseract 3.04.00' />
  <meta name='ocr-capabilities' content='ocr_page ocr_carea ocr_par ocr_line ocrx_word'/>
</head>
<body>
  <div class='ocr_page' id='page_1' title='image "4738054_0037.png"; bbox 0 0 1963 3126; ppageno 0'>
   <div class='ocr_carea' id='block_1_1' title="bbox 854 185 1088 224">
    <p class='ocr_par' dir='ltr' id='par_1_1' title="bbox 854 185 1088 224">
     <span class='ocr_line' id='line_1_1' title="bbox 854 185 1088 224; baseline 0.004 -11"><span class='ocrx_word' id='word_1_1' title='bbox 854 185 1088 224; x_wconf 57' lang='grc'><strong>,28-</strong></span> 
     </span>
    </p>
   </div>
   <div class='ocr_carea' id='block_1_2' title="bbox 177 289 1752 1466">
    <p class='ocr_par' dir='ltr' id='par_1_2' title="bbox 177 289 1752 1466">
     <span class='ocr_line' id='line_1_2' title="bbox 197 289 1752 348; baseline 0.001 -14"><span class='ocrx_word' id='word_1_2' title='bbox 197 291 278 335; x_wconf 90' lang='lat' dir='ltr'><strong>ubi</strong></span> <span class='ocrx_word' id='word_1_3' title='bbox 313 294 465 347; x_wconf 88' lang='lat' dir='ltr'><strong>partes</strong></span> <span class='ocrx_word' id='word_1_4' title='bbox 503 289 698 342; x_wconf 89' lang='lat' dir='ltr'><strong>habent,</strong></span> <span class='ocrx_word' id='word_1_5' title='bbox 740 303 828 346; x_wconf 92' lang='lat' dir='ltr'><strong>quo</strong></span> <span class='ocrx_word' id='word_1_6' title='bbox 866 290 986 334; x_wconf 87' lang='lat' dir='ltr'><strong>inter</strong></span> <span class='ocrx_word' id='word_1_7' title='bbox 1024 304 1072 334; x_wconf 91' lang='lat' dir='ltr'><strong>se</strong></span> <span class='ocrx_word' id='word_1_8' title='bbox 1105 293 1394 348; x_wconf 89' lang='lat' dir='ltr'><strong>opponantur</strong></span> <span class='ocrx_word' id='word_1_9' title='bbox 1407 292 1453 345; x_wconf 85' lang='lat'><strong>1);</strong></span> <span class='ocrx_word' id='word_1_10' title='bbox 1492 290 1567 336; x_wconf 92' lang='lat' dir='ltr'><strong>hic</strong></span> <span class='ocrx_word' id='word_1_11' title='bbox 1599 295 1752 336; x_wconf 85' lang='lat' dir='ltr'><strong>autem</strong></span> 
     </span>
     <span class='ocr_line' id='line_1_3' title="bbox 197 359 1748 418; baseline 0.002 -15"><span class='ocrx_word' id='word_1_12' title='bbox 197 361 378 409; x_wconf 71' lang='grc' dir='ltr'>οἵ·τἐ,“1.</span> <span class='ocrx_word' id='word_1_13' title='bbox 406 375 441 405; x_wconf 92' lang='lat' dir='ltr'><strong>e.</strong></span> <span class='ocrx_word' id='word_1_14' title='bbox 476 359 850 405; x_wconf 88' lang='lat' dir='ltr'><strong>adulescentulus</strong></span> <span class='ocrx_word' id='word_1_15' title='bbox 884 361 962 417; x_wconf 90' lang='lat' dir='ltr'><strong>qui</strong></span> <span class='ocrx_word' id='word_1_16' title='bbox 992 361 1187 413; x_wconf 80' lang='lat' dir='ltr'>necavit,</span> <span class='ocrx_word' id='word_1_17' title='bbox 1220 361 1464 418; x_wconf 86' lang='lat' dir='ltr'><strong>opponitur</strong></span> <span class='ocrx_word' id='word_1_18' title='bbox 1494 364 1531 404; x_wconf 76' lang='grc' dir='ltr'><strong>οἱ</strong></span> <span class='ocrx_word' id='word_1_19' title='bbox 1561 363 1619 411; x_wconf 79' lang='grc' dir='ltr'><strong>δὲ,</strong></span> <span class='ocrx_word' id='word_1_20' title='bbox 1650 362 1678 405; x_wconf 89' lang='lat' dir='ltr'><strong>i.</strong></span> <span class='ocrx_word' id='word_1_21' title='bbox 1713 375 1748 406; x_wconf 92' lang='lat' dir='ltr'><strong>e.</strong></span> 
     </span>
     <span class='ocr_line' id='line_1_4' title="bbox 196 429 1749 488; baseline 0.001 -14"><span class='ocrx_word' id='word_1_22' title='bbox 196 431 234 474; x_wconf 90' lang='lat' dir='ltr'><strong>is</strong></span> <span class='ocrx_word' id='word_1_23' title='bbox 268 431 347 487; x_wconf 92' lang='lat' dir='ltr'><strong>qui</strong></span> <span class='ocrx_word' id='word_1_24' title='bbox 377 432 476 487; x_wconf 90' lang='lat' dir='ltr'><strong>ipse</strong></span> <span class='ocrx_word' id='word_1_25' title='bbox 508 444 617 474; x_wconf 91' lang='lat' dir='ltr'><strong>suae</strong></span> <span class='ocrx_word' id='word_1_26' title='bbox 647 431 806 474; x_wconf 82' lang='lat' dir='ltr'><strong>mortis</strong></span> <span class='ocrx_word' id='word_1_27' title='bbox 830 429 1012 488; x_wconf 85' lang='lat' dir='ltr'><strong>culpam</strong></span> <span class='ocrx_word' id='word_1_28' title='bbox 1034 432 1239 476; x_wconf 88' lang='lat' dir='ltr'><strong>sustinet.</strong></span> <span class='ocrx_word' id='word_1_29' title='bbox 1292 430 1433 475; x_wconf 88' lang='lat' dir='ltr'><strong>Porro</strong></span> <span class='ocrx_word' id='word_1_30' title='bbox 1469 431 1523 476; x_wconf 90' lang='grc'><strong>10</strong></span> <span class='ocrx_word' id='word_1_31' title='bbox 1552 431 1642 483; x_wconf 88' lang='lat' dir='ltr'><strong>bis;</strong></span> <span class='ocrx_word' id='word_1_32' title='bbox 1677 431 1749 483; x_wconf 91' lang='grc'><strong>11;</strong></span> 
     </span>
     <span class='ocr_line' id='line_1_5' title="bbox 198 500 1750 558; baseline 0 -13"><span class='ocrx_word' id='word_1_33' title='bbox 198 518 219 555; x_wconf 76' lang='lat' dir='ltr'><strong>r</strong></span> <span class='ocrx_word' id='word_1_34' title='bbox 251 501 298 553; x_wconf 76' lang='lat'><strong>2;</strong></span> <span class='ocrx_word' id='word_1_35' title='bbox 338 502 385 552; x_wconf 83' lang='grc'><strong>7;</strong></span> <span class='ocrx_word' id='word_1_36' title='bbox 431 501 478 553; x_wconf 90' lang='grc'><strong>9;</strong></span> <span class='ocrx_word' id='word_1_37' title='bbox 512 502 568 545; x_wconf 90' lang='lat' dir='ltr'><strong>de</strong></span> <span class='ocrx_word' id='word_1_38' title='bbox 599 500 668 544; x_wconf 88' lang='lat' dir='ltr'><strong>Ill</strong></span> <span class='ocrx_word' id='word_1_39' title='bbox 699 502 732 555; x_wconf 79' lang='grc' dir='ltr'>β</span> <span class='ocrx_word' id='word_1_40' title='bbox 765 501 794 544; x_wconf 85' lang='grc'>8</span> <span class='ocrx_word' id='word_1_41' title='bbox 825 505 870 544; x_wconf 88' lang='lat' dir='ltr'><strong>et</strong></span> <span class='ocrx_word' id='word_1_42' title='bbox 902 501 1011 555; x_wconf 69' lang='lat' dir='ltr'><strong>r12</strong></span> <span class='ocrx_word' id='word_1_43' title='bbox 1045 501 1096 545; x_wconf 84' lang='lat' dir='ltr'><strong>cf.</strong></span> <span class='ocrx_word' id='word_1_44' title='bbox 1130 517 1173 558; x_wconf 90' lang='lat' dir='ltr'><strong>p.</strong></span> <span class='ocrx_word' id='word_1_45' title='bbox 1208 501 1283 553; x_wconf 76' lang='lat'><strong>233</strong></span> <span class='ocrx_word' id='word_1_46' title='bbox 1316 503 1381 545; x_wconf 83' lang='lat' dir='ltr'><strong>IV</strong></span> <span class='ocrx_word' id='word_1_47' title='bbox 1413 519 1439 543; x_wconf 88' lang='grc' dir='ltr'>α</span> <span class='ocrx_word' id='word_1_48' title='bbox 1471 501 1516 552; x_wconf 83' lang='grc'><strong>2;</strong></span> <span class='ocrx_word' id='word_1_49' title='bbox 1555 501 1664 553; x_wconf 84' lang='grc'>3-4;</span> <span class='ocrx_word' id='word_1_50' title='bbox 1703 501 1750 552; x_wconf 78' lang='grc' dir='ltr'><strong>7ς</strong></span> 
     </span>
     <span class='ocr_line' id='line_1_6' title="bbox 182 569 1749 628; baseline -0.001 -13"><span class='ocrx_word' id='word_1_51' title='bbox 182 573 228 626; x_wconf 80' lang='grc' dir='ltr'><strong>-β</strong></span> <span class='ocrx_word' id='word_1_52' title='bbox 253 571 303 624; x_wconf 83' lang='grc'><strong>7;</strong></span> <span class='ocrx_word' id='word_1_53' title='bbox 344 571 390 623; x_wconf 85' lang='grc'><strong>9;</strong></span> <span class='ocrx_word' id='word_1_54' title='bbox 433 589 457 626; x_wconf 75' lang='grc' dir='ltr'><em>γ</em></span> <span class='ocrx_word' id='word_1_55' title='bbox 487 572 532 624; x_wconf 92' lang='grc'><strong>1;</strong></span> <span class='ocrx_word' id='word_1_56' title='bbox 566 573 593 614; x_wconf 76' lang='grc' dir='ltr'><em>ὃ</em></span> <span class='ocrx_word' id='word_1_57' title='bbox 620 571 666 623; x_wconf 86' lang='lat'><strong>3;</strong></span> <span class='ocrx_word' id='word_1_58' title='bbox 698 570 745 623; x_wconf 87' lang='grc'><strong>6;</strong></span> <span class='ocrx_word' id='word_1_59' title='bbox 778 571 824 623; x_wconf 81' lang='grc'><strong>9;</strong></span> <span class='ocrx_word' id='word_1_60' title='bbox 860 570 926 616; x_wconf 92' lang='grc'><strong>10.</strong></span> <span class='ocrx_word' id='word_1_61' title='bbox 990 569 1118 616; x_wconf 91' lang='lat' dir='ltr'><strong>Haec</strong></span> <span class='ocrx_word' id='word_1_62' title='bbox 1150 575 1303 616; x_wconf 90' lang='lat' dir='ltr'><strong>autem</strong></span> <span class='ocrx_word' id='word_1_63' title='bbox 1334 571 1545 628; x_wconf 82' lang='lat' dir='ltr'><strong>exempla</strong></span> <span class='ocrx_word' id='word_1_64' title='bbox 1575 572 1614 615; x_wconf 91' lang='lat' dir='ltr'><strong>si</strong></span> <span class='ocrx_word' id='word_1_65' title='bbox 1646 571 1749 628; x_wconf 92' lang='lat' dir='ltr'><strong>quis</strong></span> 
     </span>
     <span class='ocr_line' id='line_1_7' title="bbox 194 640 1749 698; baseline 0 -14"><span class='ocrx_word' id='word_1_66' title='bbox 194 641 415 684; x_wconf 80' lang='lat' dir='ltr'><strong>intentius</strong></span> <span class='ocrx_word' id='word_1_67' title='bbox 442 641 698 698; x_wconf 78' lang='lat' dir='ltr'><strong>perlegerit,</strong></span> <span class='ocrx_word' id='word_1_68' title='bbox 732 655 835 684; x_wconf 90' lang='lat' dir='ltr'><strong>eum</strong></span> <span class='ocrx_word' id='word_1_69' title='bbox 863 655 957 684; x_wconf 92' lang='lat' dir='ltr'><strong>non</strong></span> <span class='ocrx_word' id='word_1_70' title='bbox 979 640 1125 695; x_wconf 87' lang='lat' dir='ltr'><strong>fugiet</strong></span> <span class='ocrx_word' id='word_1_71' title='bbox 1145 642 1481 698; x_wconf 88' lang='lat' dir='ltr'><strong>Antiphontem</strong></span> <span class='ocrx_word' id='word_1_72' title='bbox 1502 641 1629 685; x_wconf 88' lang='lat' dir='ltr'><strong>haud</strong></span> <span class='ocrx_word' id='word_1_73' title='bbox 1649 655 1749 684; x_wconf 90' lang='lat' dir='ltr'><strong>raro</strong></span> 
     </span>
     <span class='ocr_line' id='line_1_8' title="bbox 194 709 1750 767; baseline 0 -13"><span class='ocrx_word' id='word_1_74' title='bbox 194 709 538 765; x_wconf 79' lang='lat' dir='ltr'><strong>neglegentiam</strong></span> <span class='ocrx_word' id='word_1_75' title='bbox 575 711 808 767; x_wconf 89' lang='lat' dir='ltr'><strong>quandam</strong></span> <span class='ocrx_word' id='word_1_76' title='bbox 841 711 1136 762; x_wconf 77' lang='lat' dir='ltr'><strong>commisisse,</strong></span> <span class='ocrx_word' id='word_1_77' title='bbox 1169 712 1290 767; x_wconf 91' lang='lat' dir='ltr'><strong>quod</strong></span> <span class='ocrx_word' id='word_1_78' title='bbox 1310 724 1455 766; x_wconf 88' lang='lat' dir='ltr'><strong>genus</strong></span> <span class='ocrx_word' id='word_1_79' title='bbox 1477 711 1615 754; x_wconf 90' lang='lat' dir='ltr'><strong>etiam</strong></span> <span class='ocrx_word' id='word_1_80' title='bbox 1637 709 1750 754; x_wconf 87' lang='lat' dir='ltr'><strong>alias</strong></span> 
     </span>
     <span class='ocr_line' id='line_1_9' title="bbox 196 779 1749 837; baseline 0 -14"><span class='ocrx_word' id='word_1_81' title='bbox 196 780 533 836; x_wconf 90' lang='lat' dir='ltr'><strong>deprehensum</strong></span> <span class='ocrx_word' id='word_1_82' title='bbox 581 784 660 824; x_wconf 91' lang='lat' dir='ltr'><strong>est.</strong></span> <span class='ocrx_word' id='word_1_83' title='bbox 732 779 980 823; x_wconf 85' lang='lat' dir='ltr'><strong>Collocatio</strong></span> <span class='ocrx_word' id='word_1_84' title='bbox 1028 780 1151 823; x_wconf 90' lang='lat' dir='ltr'><strong>enim</strong></span> <span class='ocrx_word' id='word_1_85' title='bbox 1197 779 1379 824; x_wconf 89' lang='lat' dir='ltr'><strong>illarum</strong></span> <span class='ocrx_word' id='word_1_86' title='bbox 1423 779 1749 837; x_wconf 86' lang='lat' dir='ltr'><strong>particularum</strong></span> 
     </span>
     <span class='ocr_line' id='line_1_10' title="bbox 194 849 1745 906; baseline -0.001 -12"><span class='ocrx_word' id='word_1_87' title='bbox 194 850 404 905; x_wconf 90' lang='lat' dir='ltr'><strong>legitima</strong></span> <span class='ocrx_word' id='word_1_88' title='bbox 455 864 509 894; x_wconf 92' lang='lat' dir='ltr'><strong>ea</strong></span> <span class='ocrx_word' id='word_1_89' title='bbox 557 854 645 902; x_wconf 89' lang='lat' dir='ltr'><strong>est,</strong></span> <span class='ocrx_word' id='word_1_90' title='bbox 689 854 740 893; x_wconf 91' lang='lat' dir='ltr'><strong>ut</strong></span> <span class='ocrx_word' id='word_1_91' title='bbox 782 849 999 893; x_wconf 84' lang='lat' dir='ltr'><strong>membris</strong></span> <span class='ocrx_word' id='word_1_92' title='bbox 1046 850 1335 906; x_wconf 90' lang='lat' dir='ltr'><strong>comparibus</strong></span> <span class='ocrx_word' id='word_1_93' title='bbox 1379 851 1745 905; x_wconf 82' lang='lat' dir='ltr'><strong>adiungantur‘2).</strong></span> 
     </span>
     <span class='ocr_line' id='line_1_11' title="bbox 194 920 1749 978; baseline -0.001 -13"><span class='ocrx_word' id='word_1_94' title='bbox 194 920 441 977; x_wconf 89' lang='lat' dir='ltr'><strong>Antiphon</strong></span> <span class='ocrx_word' id='word_1_95' title='bbox 473 926 628 965; x_wconf 89' lang='lat' dir='ltr'><strong>autem</strong></span> <span class='ocrx_word' id='word_1_96' title='bbox 658 935 741 978; x_wconf 91' lang='lat' dir='ltr'><strong>pro</strong></span> <span class='ocrx_word' id='word_1_97' title='bbox 774 935 857 964; x_wconf 90' lang='lat' dir='ltr'><strong>sua</strong></span> <span class='ocrx_word' id='word_1_98' title='bbox 889 924 933 964; x_wconf 89' lang='lat' dir='ltr'><strong>et</strong></span> <span class='ocrx_word' id='word_1_99' title='bbox 962 921 1146 977; x_wconf 88' lang='lat' dir='ltr'><strong>propria</strong></span> <span class='ocrx_word' id='word_1_100' title='bbox 1174 921 1398 966; x_wconf 85' lang='lat' dir='ltr'><strong>scribendi</strong></span> <span class='ocrx_word' id='word_1_101' title='bbox 1418 921 1603 965; x_wconf 88' lang='lat' dir='ltr'><strong>licentia</strong></span> <span class='ocrx_word' id='word_1_102' title='bbox 1623 920 1749 965; x_wconf 88' lang='lat' dir='ltr'><strong>haud</strong></span> 
     </span>
     <span class='ocr_line' id='line_1_12' title="bbox 194 991 1748 1047; baseline -0.001 -12"><span class='ocrx_word' id='word_1_103' title='bbox 194 1005 296 1035; x_wconf 92' lang='lat' dir='ltr'><strong>raro</strong></span> <span class='ocrx_word' id='word_1_104' title='bbox 329 991 522 1035; x_wconf 89' lang='lat' dir='ltr'><strong>alterum</strong></span> <span class='ocrx_word' id='word_1_105' title='bbox 554 1008 596 1034; x_wconf 82' lang='grc' dir='ltr'><strong>τε</strong></span> <span class='ocrx_word' id='word_1_106' title='bbox 627 992 692 1034; x_wconf 91' lang='lat' dir='ltr'><strong>ita</strong></span> <span class='ocrx_word' id='word_1_107' title='bbox 722 993 869 1047; x_wconf 93' lang='lat' dir='ltr'><strong>primo</strong></span> <span class='ocrx_word' id='word_1_108' title='bbox 898 991 1129 1047; x_wconf 89' lang='lat' dir='ltr'><strong>sequentis</strong></span> <span class='ocrx_word' id='word_1_109' title='bbox 1153 993 1378 1035; x_wconf 89' lang='lat' dir='ltr'><strong>enuntiati</strong></span> <span class='ocrx_word' id='word_1_110' title='bbox 1398 991 1620 1036; x_wconf 84' lang='lat' dir='ltr'><strong>vocabulo</strong></span> <span class='ocrx_word' id='word_1_111' title='bbox 1643 991 1748 1035; x_wconf 90' lang='lat' dir='ltr'><strong>sub-</strong></span> 
     </span>
     <span class='ocr_line' id='line_1_13' title="bbox 194 1060 1748 1119; baseline 0 -14"><span class='ocrx_word' id='word_1_112' title='bbox 194 1062 285 1113; x_wconf 82' lang='lat' dir='ltr'><strong>icit,</strong></span> <span class='ocrx_word' id='word_1_113' title='bbox 317 1066 369 1105; x_wconf 94' lang='lat' dir='ltr'><strong>ut</strong></span> <span class='ocrx_word' id='word_1_114' title='bbox 398 1076 491 1105; x_wconf 92' lang='lat' dir='ltr'><strong>non</strong></span> <span class='ocrx_word' id='word_1_115' title='bbox 522 1075 801 1118; x_wconf 83' lang='lat' dir='ltr'><strong>magnopere</strong></span> <span class='ocrx_word' id='word_1_116' title='bbox 834 1065 971 1112; x_wconf 88' lang='lat' dir='ltr'><strong>curet,</strong></span> <span class='ocrx_word' id='word_1_117' title='bbox 1000 1066 1153 1105; x_wconf 89' lang='lat' dir='ltr'><strong>utrum</strong></span> <span class='ocrx_word' id='word_1_118' title='bbox 1177 1060 1293 1106; x_wconf 88' lang='lat' dir='ltr'><strong>haec</strong></span> <span class='ocrx_word' id='word_1_119' title='bbox 1313 1076 1404 1106; x_wconf 86' lang='lat' dir='ltr'><strong>vox</strong></span> <span class='ocrx_word' id='word_1_120' title='bbox 1424 1062 1560 1119; x_wconf 88' lang='lat' dir='ltr'><strong>priori</strong></span> <span class='ocrx_word' id='word_1_121' title='bbox 1582 1079 1624 1104; x_wconf 81' lang='grc' dir='ltr'><strong>τε</strong></span> <span class='ocrx_word' id='word_1_122' title='bbox 1643 1076 1748 1118; x_wconf 90' lang='lat' dir='ltr'><strong>par-</strong></span> 
     </span>
     <span class='ocr_line' id='line_1_14' title="bbox 180 1130 1748 1187; baseline 0.001 -13"><span class='ocrx_word' id='word_1_123' title='bbox 180 1131 337 1185; x_wconf 84' lang='lat' dir='ltr'><strong>ticula</strong></span> <span class='ocrx_word' id='word_1_124' title='bbox 366 1132 614 1175; x_wconf 85' lang='lat' dir='ltr'><strong>instructae</strong></span> <span class='ocrx_word' id='word_1_125' title='bbox 645 1131 921 1187; x_wconf 84' lang='lat' dir='ltr'><strong>respondeat</strong></span> <span class='ocrx_word' id='word_1_126' title='bbox 944 1144 1099 1174; x_wconf 89' lang='lat' dir='ltr'><strong>necne.</strong></span> <span class='ocrx_word' id='word_1_127' title='bbox 1155 1130 1422 1175; x_wconf 84' lang='lat' dir='ltr'><strong>Cuiusmodi</strong></span> <span class='ocrx_word' id='word_1_128' title='bbox 1443 1135 1549 1175; x_wconf 91' lang='lat' dir='ltr'><strong>sunt</strong></span> <span class='ocrx_word' id='word_1_129' title='bbox 1569 1134 1621 1175; x_wconf 93' lang='lat' dir='ltr'><strong>II</strong></span> <span class='ocrx_word' id='word_1_130' title='bbox 1643 1149 1669 1174; x_wconf 87' lang='grc' dir='ltr'>α</span> <span class='ocrx_word' id='word_1_131' title='bbox 1693 1131 1748 1175; x_wconf 86' lang='grc'><strong>10</strong></span> 
     </span>
     <span class='ocr_line' id='line_1_15' title="bbox 195 1200 1745 1258; baseline 0.002 -16"><span class='ocrx_word' id='word_1_132' title='bbox 195 1203 238 1243; x_wconf 80' lang='grc' dir='ltr'><strong>οἵ</strong></span> <span class='ocrx_word' id='word_1_133' title='bbox 269 1218 388 1244; x_wconf 79' lang='grc' dir='ltr'><strong>τε...</strong></span> <span class='ocrx_word' id='word_1_134' title='bbox 425 1202 825 1255; x_wconf 72' lang='grc' dir='ltr'><em>ἐπιβουλεύοντες...,</em></span> <span class='ocrx_word' id='word_1_135' title='bbox 859 1200 1090 1258; x_wconf 75' lang='grc' dir='ltr'><em>ἀσύμφορόν</em></span> <span class='ocrx_word' id='word_1_136' title='bbox 1122 1201 1163 1242; x_wconf 66' lang='grc' dir='ltr'><strong>θ’</strong></span> <span class='ocrx_word' id='word_1_137' title='bbox 1197 1201 1301 1257; x_wconf 71' lang='grc' dir='ltr'><em>ὑμῖνς</em></span> <span class='ocrx_word' id='word_1_138' title='bbox 1332 1201 1503 1245; x_wconf 87' lang='lat' dir='ltr'><strong>ibidem</strong></span> <span class='ocrx_word' id='word_1_139' title='bbox 1535 1201 1745 1253; x_wconf 59' lang='lat' dir='ltr'><strong>alterum</strong></span> 
     </span>
     <span class='ocr_line' id='line_1_16' title="bbox 193 1268 1747 1327; baseline -0.001 -11"><span class='ocrx_word' id='word_1_140' title='bbox 193 1272 227 1326; x_wconf 77' lang='grc' dir='ltr'>β</span> <span class='ocrx_word' id='word_1_141' title='bbox 241 1270 293 1323; x_wconf 86' lang='grc'><strong>3;</strong></span> <span class='ocrx_word' id='word_1_142' title='bbox 315 1271 390 1323; x_wconf 89' lang='grc'><strong>11;</strong></span> <span class='ocrx_word' id='word_1_143' title='bbox 416 1288 440 1326; x_wconf 80' lang='grc' dir='ltr'><em>γ</em></span> <span class='ocrx_word' id='word_1_144' title='bbox 457 1271 502 1322; x_wconf 90' lang='grc'><strong>1;</strong></span> <span class='ocrx_word' id='word_1_145' title='bbox 524 1272 589 1315; x_wconf 87' lang='lat' dir='ltr'><strong>IV</strong></span> <span class='ocrx_word' id='word_1_146' title='bbox 607 1288 634 1313; x_wconf 87' lang='grc' dir='ltr'>α</span> <span class='ocrx_word' id='word_1_147' title='bbox 651 1270 689 1315; x_wconf 81' lang='lat'><strong>2.</strong></span> <span class='ocrx_word' id='word_1_148' title='bbox 734 1268 902 1314; x_wconf 87' lang='lat' dir='ltr'><strong>Omnia</strong></span> <span class='ocrx_word' id='word_1_149' title='bbox 924 1270 1162 1319; x_wconf 11' lang='lat' dir='ltr'><strong>verorhaec</strong></span> <span class='ocrx_word' id='word_1_150' title='bbox 1180 1271 1497 1315; x_wconf 81' lang='lat' dir='ltr'><strong>concinnitatis</strong></span> <span class='ocrx_word' id='word_1_151' title='bbox 1513 1271 1747 1327; x_wconf 88' lang='lat' dir='ltr'><strong>neglectae</strong></span> 
     </span>
     <span class='ocr_line' id='line_1_17' title="bbox 196 1339 1747 1398; baseline 0 -13"><span class='ocrx_word' id='word_1_152' title='bbox 196 1341 407 1398; x_wconf 85' lang='lat' dir='ltr'><strong>exempla</strong></span> <span class='ocrx_word' id='word_1_153' title='bbox 445 1341 504 1385; x_wconf 91' lang='lat' dir='ltr'><strong>ad</strong></span> <span class='ocrx_word' id='word_1_154' title='bbox 535 1344 765 1384; x_wconf 84' lang='lat' dir='ltr'><strong>austeram</strong></span> <span class='ocrx_word' id='word_1_155' title='bbox 796 1339 925 1383; x_wconf 90' lang='lat' dir='ltr'><strong>illam</strong></span> <span class='ocrx_word' id='word_1_156' title='bbox 957 1340 1334 1396; x_wconf 88' lang='lat' dir='ltr'><strong>compositionem</strong></span> <span class='ocrx_word' id='word_1_157' title='bbox 1365 1345 1592 1398; x_wconf 87' lang='lat' dir='ltr'><strong>spectant,</strong></span> <span class='ocrx_word' id='word_1_158' title='bbox 1633 1355 1747 1398; x_wconf 90' lang='lat' dir='ltr'><strong>quae</strong></span> 
     </span>
     <span class='ocr_line' id='line_1_18' title="bbox 177 1410 1404 1466; baseline 0 -11"><span class='ocrx_word' id='word_1_159' title='bbox 177 1411 599 1466; x_wconf 24' lang='lat' dir='ltr'><strong>,grammaticarum</strong></span> <span class='ocrx_word' id='word_1_160' title='bbox 635 1410 790 1466; x_wconf 88' lang='lat' dir='ltr'><strong>legum</strong></span> <span class='ocrx_word' id='word_1_161' title='bbox 822 1412 1109 1455; x_wconf 88' lang='lat' dir='ltr'><strong>severitatem</strong></span> <span class='ocrx_word' id='word_1_162' title='bbox 1140 1425 1233 1455; x_wconf 91' lang='lat' dir='ltr'><strong>non</strong></span> <span class='ocrx_word' id='word_1_163' title='bbox 1266 1416 1404 1456; x_wconf 89' lang='lat' dir='ltr'><strong>curat.</strong></span> 
     </span>
    </p>
   </div>
   <div class='ocr_carea' id='block_1_3' title="bbox 890 1752 1053 1793">
    <p class='ocr_par' dir='ltr' id='par_1_3' title="bbox 890 1752 1053 1793">
     <span class='ocr_line' id='line_1_19' title="bbox 890 1752 1053 1793; baseline -0.006 -1"><span class='ocrx_word' id='word_1_164' title='bbox 890 1767 937 1793; x_wconf 84' lang='grc' dir='ltr'><strong>τε</strong></span> <span class='ocrx_word' id='word_1_165' title='bbox 969 1752 1053 1792; x_wconf 77' lang='grc' dir='ltr'><strong>καὶ.</strong></span> 
     </span>
    </p>
   </div>
   <div class='ocr_carea' id='block_1_4' title="bbox 888 1809 1054 1820">
    <p class='ocr_par' dir='ltr' id='par_1_4' title="bbox 888 1809 1054 1820">
     <span class='ocr_line' id='line_1_20' title="bbox 888 1809 1054 1820; baseline 0 0"><span class='ocrx_word' id='word_1_166' title='bbox 888 1809 1054 1820; x_wconf 95' lang='lat' dir='ltr'><strong> </strong></span> 
     </span>
    </p>
   </div>
   <div class='ocr_carea' id='block_1_5' title="bbox 191 1845 1745 2395">
    <p class='ocr_par' dir='ltr' id='par_1_5' title="bbox 191 1845 1745 2115">
     <span class='ocr_line' id='line_1_21' title="bbox 312 1845 1744 1901; baseline 0.001 -14"><span class='ocrx_word' id='word_1_167' title='bbox 312 1863 353 1888; x_wconf 83' lang='grc' dir='ltr'><strong>τε</strong></span> <span class='ocrx_word' id='word_1_168' title='bbox 391 1848 453 1887; x_wconf 77' lang='grc' dir='ltr'><strong>καὶ</strong></span> <span class='ocrx_word' id='word_1_169' title='bbox 489 1845 738 1901; x_wconf 89' lang='lat' dir='ltr'><strong>particulas</strong></span> <span class='ocrx_word' id='word_1_170' title='bbox 776 1846 1166 1900; x_wconf 90' lang='lat' dir='ltr'><strong>praemonendum</strong></span> <span class='ocrx_word' id='word_1_171' title='bbox 1210 1849 1278 1888; x_wconf 90' lang='lat' dir='ltr'><strong>est</strong></span> <span class='ocrx_word' id='word_1_172' title='bbox 1314 1859 1408 1888; x_wconf 90' lang='lat' dir='ltr'><strong>non</strong></span> <span class='ocrx_word' id='word_1_173' title='bbox 1447 1846 1495 1887; x_wconf 89' lang='lat' dir='ltr'><strong>in</strong></span> <span class='ocrx_word' id='word_1_174' title='bbox 1534 1845 1744 1888; x_wconf 85' lang='lat' dir='ltr'><strong>omnibus</strong></span> 
     </span>
     <span class='ocr_line' id='line_1_22' title="bbox 194 1914 1745 1972; baseline -0.001 -13"><span class='ocrx_word' id='word_1_175' title='bbox 194 1919 321 1960; x_wconf 90' lang='lat' dir='ltr'><strong>oratt.</strong></span> <span class='ocrx_word' id='word_1_176' title='bbox 357 1916 517 1959; x_wconf 83' lang='lat' dir='ltr'><strong>eadem</strong></span> <span class='ocrx_word' id='word_1_177' title='bbox 550 1914 862 1972; x_wconf 86' lang='lat' dir='ltr'><strong>exemplorum</strong></span> <span class='ocrx_word' id='word_1_178' title='bbox 893 1914 1145 1971; x_wconf 88' lang='lat' dir='ltr'><strong>frequentia</strong></span> <span class='ocrx_word' id='word_1_179' title='bbox 1176 1915 1252 1958; x_wconf 92' lang='lat' dir='ltr'><strong>uti.</strong></span> <span class='ocrx_word' id='word_1_180' title='bbox 1322 1914 1533 1971; x_wconf 87' lang='lat' dir='ltr'><strong>Namque</strong></span> <span class='ocrx_word' id='word_1_181' title='bbox 1565 1929 1666 1959; x_wconf 87' lang='lat' dir='ltr'><strong>eum</strong></span> <span class='ocrx_word' id='word_1_182' title='bbox 1697 1916 1745 1959; x_wconf 91' lang='lat' dir='ltr'><strong>in</strong></span> 
     </span>
     <span class='ocr_line' id='line_1_23' title="bbox 194 1984 1743 2042; baseline -0.001 -12"><span class='ocrx_word' id='word_1_183' title='bbox 194 1985 622 2038; x_wconf 89' lang='lat' dir='ltr'><strong>declamationibus,</strong></span> <span class='ocrx_word' id='word_1_184' title='bbox 661 1985 829 2042; x_wconf 91' lang='lat' dir='ltr'><strong>quippe</strong></span> <span class='ocrx_word' id='word_1_185' title='bbox 865 1986 913 2028; x_wconf 92' lang='lat' dir='ltr'><strong>in</strong></span> <span class='ocrx_word' id='word_1_186' title='bbox 952 1985 1116 2042; x_wconf 87' lang='lat' dir='ltr'><strong>quibus</strong></span> <span class='ocrx_word' id='word_1_187' title='bbox 1151 2002 1305 2028; x_wconf 82' lang='grc' dir='ltr'><em>τε-τε</em></span> <span class='ocrx_word' id='word_1_188' title='bbox 1336 1984 1602 2029; x_wconf 85' lang='lat' dir='ltr'><strong>vocularum</strong></span> <span class='ocrx_word' id='word_1_189' title='bbox 1634 1999 1743 2029; x_wconf 92' lang='lat' dir='ltr'><strong>usus</strong></span> 
     </span>
     <span class='ocr_line' id='line_1_24' title="bbox 191 2057 1741 2115; baseline -0.001 -13"><span class='ocrx_word' id='word_1_190' title='bbox 191 2057 468 2115; x_wconf 85' lang='lat' dir='ltr'><strong>praevaleat,</strong></span> <span class='ocrx_word' id='word_1_191' title='bbox 489 2069 637 2114; x_wconf 87' lang='lat' dir='ltr'><strong>paene</strong></span> <span class='ocrx_word' id='word_1_192' title='bbox 660 2061 951 2109; x_wconf 88' lang='lat' dir='ltr'><strong>evanescant,</strong></span> <span class='ocrx_word' id='word_1_193' title='bbox 973 2058 1021 2101; x_wconf 93' lang='lat' dir='ltr'><strong>in</strong></span> <span class='ocrx_word' id='word_1_194' title='bbox 1045 2057 1326 2101; x_wconf 90' lang='lat' dir='ltr'><strong>orationibus</strong></span> <span class='ocrx_word' id='word_1_195' title='bbox 1342 2058 1608 2101; x_wconf 88' lang='lat' dir='ltr'><strong>tritissimae</strong></span> <span class='ocrx_word' id='word_1_196' title='bbox 1625 2062 1741 2101; x_wconf 90' lang='lat' dir='ltr'><strong>sunt.</strong></span> 
     </span>
    </p>

    <p class='ocr_par' dir='ltr' id='par_1_6' title="bbox 193 2127 1745 2395">
     <span class='ocr_line' id='line_1_25' title="bbox 310 2127 1745 2183; baseline 0 -12"><span class='ocrx_word' id='word_1_197' title='bbox 310 2127 410 2172; x_wconf 92' lang='lat' dir='ltr'><strong>Iam</strong></span> <span class='ocrx_word' id='word_1_198' title='bbox 441 2142 548 2172; x_wconf 87' lang='lat' dir='ltr'><strong>vero</strong></span> <span class='ocrx_word' id='word_1_199' title='bbox 579 2127 786 2183; x_wconf 81' lang='lat' dir='ltr'><strong>vulgaris</strong></span> <span class='ocrx_word' id='word_1_200' title='bbox 824 2141 979 2171; x_wconf 91' lang='lat' dir='ltr'><strong>earum</strong></span> <span class='ocrx_word' id='word_1_201' title='bbox 1010 2128 1123 2171; x_wconf 91' lang='lat' dir='ltr'><strong>ratio</strong></span> <span class='ocrx_word' id='word_1_202' title='bbox 1156 2132 1243 2179; x_wconf 91' lang='lat' dir='ltr'><strong>est,</strong></span> <span class='ocrx_word' id='word_1_203' title='bbox 1280 2132 1331 2171; x_wconf 94' lang='lat' dir='ltr'><strong>ut</strong></span> <span class='ocrx_word' id='word_1_204' title='bbox 1362 2131 1556 2183; x_wconf 89' lang='lat' dir='ltr'><strong>cognata</strong></span> <span class='ocrx_word' id='word_1_205' title='bbox 1586 2127 1660 2171; x_wconf 86' lang='lat' dir='ltr'><strong>vel</strong></span> <span class='ocrx_word' id='word_1_206' title='bbox 1691 2142 1745 2171; x_wconf 91' lang='lat' dir='ltr'><strong>ea</strong></span> 
     </span>
     <span class='ocr_line' id='line_1_26' title="bbox 193 2198 1741 2255; baseline -0.001 -13"><span class='ocrx_word' id='word_1_207' title='bbox 193 2198 422 2254; x_wconf 89' lang='lat' dir='ltr'><strong>copulent,</strong></span> <span class='ocrx_word' id='word_1_208' title='bbox 456 2213 572 2255; x_wconf 91' lang='lat' dir='ltr'><strong>quae</strong></span> <span class='ocrx_word' id='word_1_209' title='bbox 605 2199 737 2255; x_wconf 87' lang='lat' dir='ltr'><strong>quasi</strong></span> <span class='ocrx_word' id='word_1_210' title='bbox 768 2199 817 2241; x_wconf 92' lang='lat' dir='ltr'><strong>in</strong></span> <span class='ocrx_word' id='word_1_211' title='bbox 844 2212 989 2242; x_wconf 91' lang='lat' dir='ltr'><strong>unum</strong></span> <span class='ocrx_word' id='word_1_212' title='bbox 1012 2199 1104 2241; x_wconf 90' lang='lat' dir='ltr'><strong>sint</strong></span> <span class='ocrx_word' id='word_1_213' title='bbox 1125 2198 1462 2250; x_wconf 90' lang='lat' dir='ltr'><strong>confundenda,</strong></span> <span class='ocrx_word' id='word_1_214' title='bbox 1495 2212 1597 2241; x_wconf 90' lang='lat' dir='ltr'><strong>cum</strong></span> <span class='ocrx_word' id='word_1_215' title='bbox 1619 2201 1741 2240; x_wconf 79' lang='grc' dir='ltr'><em>καὶ-</em></span> 
     </span>
     <span class='ocr_line' id='line_1_27' title="bbox 193 2266 1742 2326; baseline 0.001 -15"><span class='ocrx_word' id='word_1_216' title='bbox 193 2272 255 2311; x_wconf 80' lang='grc' dir='ltr'><strong>καὶ</strong></span> <span class='ocrx_word' id='word_1_217' title='bbox 292 2283 345 2312; x_wconf 88' lang='lat' dir='ltr'><strong>ea</strong></span> <span class='ocrx_word' id='word_1_218' title='bbox 377 2270 647 2324; x_wconf 90' lang='lat' dir='ltr'><strong>coniungat,</strong></span> <span class='ocrx_word' id='word_1_219' title='bbox 686 2282 801 2326; x_wconf 90' lang='lat' dir='ltr'><strong>quae</strong></span> <span class='ocrx_word' id='word_1_220' title='bbox 832 2270 950 2312; x_wconf 89' lang='lat' dir='ltr'><strong>inter</strong></span> <span class='ocrx_word' id='word_1_221' title='bbox 981 2282 1029 2312; x_wconf 92' lang='lat' dir='ltr'><strong>se</strong></span> <span class='ocrx_word' id='word_1_222' title='bbox 1060 2272 1224 2312; x_wconf 90' lang='lat' dir='ltr'><strong>natura</strong></span> <span class='ocrx_word' id='word_1_223' title='bbox 1255 2267 1468 2312; x_wconf 87' lang='lat' dir='ltr'><strong>differant</strong></span> <span class='ocrx_word' id='word_1_224' title='bbox 1502 2266 1574 2324; x_wconf 86' lang='lat' dir='ltr'><strong>(cf.</strong></span> <span class='ocrx_word' id='word_1_225' title='bbox 1599 2281 1642 2323; x_wconf 90' lang='lat' dir='ltr'><strong>p.</strong></span> <span class='ocrx_word' id='word_1_226' title='bbox 1668 2268 1742 2323; x_wconf 79' lang='lat'><strong>20)</strong></span> 
     </span>
     <span class='ocr_line' id='line_1_28' title="bbox 194 2337 1743 2395; baseline 0 -13"><span class='ocrx_word' id='word_1_227' title='bbox 194 2344 238 2382; x_wconf 92' lang='lat' dir='ltr'><strong>et</strong></span> <span class='ocrx_word' id='word_1_228' title='bbox 268 2354 349 2395; x_wconf 87' lang='lat' dir='ltr'><strong>per</strong></span> <span class='ocrx_word' id='word_1_229' title='bbox 380 2353 428 2383; x_wconf 90' lang='lat' dir='ltr'><strong>se</strong></span> <span class='ocrx_word' id='word_1_230' title='bbox 459 2344 700 2395; x_wconf 89' lang='lat' dir='ltr'><strong>utrumque</strong></span> <span class='ocrx_word' id='word_1_231' title='bbox 732 2341 825 2382; x_wconf 91' lang='lat' dir='ltr'><strong>sint</strong></span> <span class='ocrx_word' id='word_1_232' title='bbox 855 2340 1193 2395; x_wconf 90' lang='lat' dir='ltr'><strong>perpendenda.</strong></span> <span class='ocrx_word' id='word_1_233' title='bbox 1242 2338 1395 2395; x_wconf 92' lang='lat' dir='ltr'><strong>Atque</strong></span> <span class='ocrx_word' id='word_1_234' title='bbox 1417 2337 1539 2381; x_wconf 92' lang='lat' dir='ltr'><strong>hanc</strong></span> <span class='ocrx_word' id='word_1_235' title='bbox 1562 2339 1743 2394; x_wconf 89' lang='lat' dir='ltr'><strong>quidem</strong></span> 
     </span>
    </p>
   </div>
   <div class='ocr_carea' id='block_1_6' title="bbox 191 2423 473 2429">
    <p class='ocr_par' dir='ltr' id='par_1_7' title="bbox 191 2423 473 2429">
     <span class='ocr_line' id='line_1_29' title="bbox 191 2423 473 2429; baseline 0 0"><span class='ocrx_word' id='word_1_236' title='bbox 191 2423 473 2429; x_wconf 95' lang='lat' dir='ltr'><strong> </strong></span> 
     </span>
    </p>
   </div>
   <div class='ocr_carea' id='block_1_7' title="bbox 191 2468 1743 2689">
    <p class='ocr_par' dir='ltr' id='par_1_8' title="bbox 191 2468 1743 2689">
     <span class='ocr_line' id='line_1_30' title="bbox 289 2468 1742 2512; baseline 0.001 -10"><span class='ocrx_word' id='word_1_237' title='bbox 289 2469 316 2512; x_wconf 75' lang='grc'><strong>1)</strong></span> <span class='ocrx_word' id='word_1_238' title='bbox 344 2469 390 2502; x_wconf 88' lang='lat' dir='ltr'><strong>cf.</strong></span> <span class='ocrx_word' id='word_1_239' title='bbox 405 2470 601 2512; x_wconf 87' lang='lat' dir='ltr'><strong>Hartung,</strong></span> <span class='ocrx_word' id='word_1_240' title='bbox 618 2469 744 2504; x_wconf 88' lang='lat' dir='ltr'><strong>Lehre</strong></span> <span class='ocrx_word' id='word_1_241' title='bbox 763 2481 799 2502; x_wconf 88' lang='lat' dir='ltr'><strong>v.</strong></span> <span class='ocrx_word' id='word_1_242' title='bbox 815 2469 850 2504; x_wconf 84' lang='lat' dir='ltr'><strong>d.</strong></span> <span class='ocrx_word' id='word_1_243' title='bbox 866 2479 924 2511; x_wconf 88' lang='lat' dir='ltr'><strong>gr.</strong></span> <span class='ocrx_word' id='word_1_244' title='bbox 938 2470 1040 2503; x_wconf 88' lang='lat' dir='ltr'><strong>Part.</strong></span> <span class='ocrx_word' id='word_1_245' title='bbox 1056 2470 1073 2502; x_wconf 97' lang='lat' dir='ltr'>I</span> <span class='ocrx_word' id='word_1_246' title='bbox 1088 2469 1132 2503; x_wconf 80' lang='lat'><strong>92</strong></span> <span class='ocrx_word' id='word_1_247' title='bbox 1147 2480 1206 2502; x_wconf 90' lang='lat' dir='ltr'><strong>no.</strong></span> <span class='ocrx_word' id='word_1_248' title='bbox 1222 2469 1253 2503; x_wconf 91' lang='lat'><strong>5.</strong></span> <span class='ocrx_word' id='word_1_249' title='bbox 1271 2489 1312 2492; x_wconf 90' lang='lat'><strong>—-</strong></span> <span class='ocrx_word' id='word_1_250' title='bbox 1332 2468 1521 2502; x_wconf 88' lang='lat' dir='ltr'><strong>Kuehner</strong></span> <span class='ocrx_word' id='word_1_251' title='bbox 1537 2469 1559 2502; x_wconf 91' lang='grc'><strong>1.</strong></span> <span class='ocrx_word' id='word_1_252' title='bbox 1575 2469 1598 2502; x_wconf 91' lang='lat' dir='ltr'><strong>l.</strong></span> <span class='ocrx_word' id='word_1_253' title='bbox 1612 2479 1648 2512; x_wconf 87' lang='lat' dir='ltr'><strong>p.</strong></span> <span class='ocrx_word' id='word_1_254' title='bbox 1663 2469 1742 2511; x_wconf 79' lang='lat'><strong>789,</strong></span> 
     </span>
     <span class='ocr_line' id='line_1_31' title="bbox 192 2527 1743 2572; baseline 0 -10"><span class='ocrx_word' id='word_1_255' title='bbox 192 2528 309 2563; x_wconf 89' lang='lat' dir='ltr'><strong>Anm.</strong></span> <span class='ocrx_word' id='word_1_256' title='bbox 329 2528 361 2562; x_wconf 92' lang='lat'><strong>3.</strong></span> <span class='ocrx_word' id='word_1_257' title='bbox 390 2548 432 2552; x_wconf 96' lang='lat'><strong>—</strong></span> <span class='ocrx_word' id='word_1_258' title='bbox 458 2528 641 2570; x_wconf 87' lang='lat' dir='ltr'><strong>Krueger</strong></span> <span class='ocrx_word' id='word_1_259' title='bbox 665 2529 731 2562; x_wconf 88' lang='grc'>1.1.</span> <span class='ocrx_word' id='word_1_260' title='bbox 757 2529 779 2572; x_wconf 66' lang='grc' dir='ltr'><em>ξ</em></span> <span class='ocrx_word' id='word_1_261' title='bbox 799 2529 855 2570; x_wconf 84' lang='lat'><strong>69,</strong></span> <span class='ocrx_word' id='word_1_262' title='bbox 881 2528 997 2562; x_wconf 89' lang='lat' dir='ltr'><strong>Anm.</strong></span> <span class='ocrx_word' id='word_1_263' title='bbox 1017 2528 1048 2561; x_wconf 87' lang='grc'><strong>6.</strong></span> <span class='ocrx_word' id='word_1_264' title='bbox 1094 2528 1283 2562; x_wconf 84' lang='lat' dir='ltr'><strong>Similiter</strong></span> <span class='ocrx_word' id='word_1_265' title='bbox 1308 2528 1410 2561; x_wconf 90' lang='lat' dir='ltr'><strong>inter</strong></span> <span class='ocrx_word' id='word_1_266' title='bbox 1436 2537 1477 2560; x_wconf 91' lang='lat' dir='ltr'><strong>se</strong></span> <span class='ocrx_word' id='word_1_267' title='bbox 1503 2527 1743 2570; x_wconf 88' lang='lat' dir='ltr'><strong>respondent</strong></span> 
     </span>
     <span class='ocr_line' id='line_1_32' title="bbox 192 2586 1741 2631; baseline 0 -9"><span class='ocrx_word' id='word_1_268' title='bbox 192 2587 366 2623; x_wconf 77' lang='grc' dir='ltr'><em>οὕτε-δὲ</em></span> <span class='ocrx_word' id='word_1_269' title='bbox 392 2588 431 2622; x_wconf 94' lang='lat' dir='ltr'><strong>II</strong></span> <span class='ocrx_word' id='word_1_270' title='bbox 457 2601 479 2622; x_wconf 87' lang='grc' dir='ltr'><strong><em>α</em></strong></span> <span class='ocrx_word' id='word_1_271' title='bbox 505 2586 584 2629; x_wconf 83' lang='grc'><strong>7-8;</strong></span> <span class='ocrx_word' id='word_1_272' title='bbox 609 2589 645 2622; x_wconf 91' lang='lat' dir='ltr'><strong>V</strong></span> <span class='ocrx_word' id='word_1_273' title='bbox 663 2588 726 2629; x_wconf 75' lang='lat'><strong>953</strong></span> <span class='ocrx_word' id='word_1_274' title='bbox 752 2598 870 2631; x_wconf 88' lang='lat' dir='ltr'><strong>quam</strong></span> <span class='ocrx_word' id='word_1_275' title='bbox 896 2588 1119 2622; x_wconf 83' lang='lat' dir='ltr'><strong>liberiorem</strong></span> <span class='ocrx_word' id='word_1_276' title='bbox 1145 2588 1428 2631; x_wconf 86' lang='lat' dir='ltr'><strong>particularum</strong></span> <span class='ocrx_word' id='word_1_277' title='bbox 1455 2587 1741 2630; x_wconf 86' lang='lat' dir='ltr'><strong>copulationem</strong></span> 
     </span>
     <span class='ocr_line' id='line_1_33' title="bbox 191 2645 1741 2689; baseline -0.001 -9"><span class='ocrx_word' id='word_1_278' title='bbox 191 2647 353 2689; x_wconf 85' lang='lat' dir='ltr'><strong>tragicis</strong></span> <span class='ocrx_word' id='word_1_279' title='bbox 380 2647 679 2680; x_wconf 86' lang='lat' dir='ltr'><strong>usitatissimam</strong></span> <span class='ocrx_word' id='word_1_280' title='bbox 706 2657 790 2680; x_wconf 89' lang='lat' dir='ltr'><strong>esse</strong></span> <span class='ocrx_word' id='word_1_281' title='bbox 816 2646 986 2688; x_wconf 85' lang='lat' dir='ltr'><strong>Ellendt,</strong></span> <span class='ocrx_word' id='word_1_282' title='bbox 1011 2648 1143 2680; x_wconf 84' lang='lat' dir='ltr'><strong>Lexic.</strong></span> <span class='ocrx_word' id='word_1_283' title='bbox 1170 2647 1349 2689; x_wconf 87' lang='lat' dir='ltr'><strong>Sophocl.</strong></span> <span class='ocrx_word' id='word_1_284' title='bbox 1376 2656 1412 2688; x_wconf 88' lang='lat' dir='ltr'><strong>p.</strong></span> <span class='ocrx_word' id='word_1_285' title='bbox 1432 2645 1518 2687; x_wconf 81' lang='lat'><strong>719,</strong></span> <span class='ocrx_word' id='word_1_286' title='bbox 1550 2647 1741 2689; x_wconf 85' lang='lat' dir='ltr'><strong>exemplis</strong></span> 
     </span>
    </p>
   </div>
   <div class='ocr_carea' id='block_1_8' title="bbox 192 2705 1137 2807">
    <p class='ocr_par' dir='ltr' id='par_1_9' title="bbox 192 2705 1137 2807">
     <span class='ocr_line' id='line_1_34' title="bbox 192 2705 656 2748; baseline -0.002 -9"><span class='ocrx_word' id='word_1_287' title='bbox 192 2706 391 2748; x_wconf 87' lang='lat' dir='ltr'><strong>congestis</strong></span> <span class='ocrx_word' id='word_1_288' title='bbox 417 2705 656 2748; x_wconf 88' lang='lat' dir='ltr'><strong>comprobat.</strong></span> 
     </span>
     <span class='ocr_line' id='line_1_35' title="bbox 287 2762 1137 2807; baseline -0.001 -10"><span class='ocrx_word' id='word_1_289' title='bbox 287 2763 315 2807; x_wconf 79' lang='grc'><strong>2)</strong></span> <span class='ocrx_word' id='word_1_290' title='bbox 343 2763 390 2797; x_wconf 88' lang='lat' dir='ltr'><strong>ef.</strong></span> <span class='ocrx_word' id='word_1_291' title='bbox 416 2764 646 2805; x_wconf 86' lang='lat' dir='ltr'><strong>Buttmann,</strong></span> <span class='ocrx_word' id='word_1_292' title='bbox 672 2763 736 2797; x_wconf 86' lang='lat' dir='ltr'><strong>Gr.</strong></span> <span class='ocrx_word' id='word_1_293' title='bbox 764 2763 827 2797; x_wconf 89' lang='lat' dir='ltr'><strong>Gr.</strong></span> <span class='ocrx_word' id='word_1_294' title='bbox 854 2773 890 2805; x_wconf 92' lang='lat' dir='ltr'><strong>p.</strong></span> <span class='ocrx_word' id='word_1_295' title='bbox 910 2762 977 2797; x_wconf 84' lang='lat'><strong>512</strong></span> <span class='ocrx_word' id='word_1_296' title='bbox 1003 2763 1045 2796; x_wconf 91' lang='lat' dir='ltr'><strong>in</strong></span> <span class='ocrx_word' id='word_1_297' title='bbox 1071 2763 1137 2796; x_wconf 89' lang='lat' dir='ltr'><strong>fin.</strong></span> 
     </span>
    </p>
   </div>
  </div>
 </body>
</html>
