1963 3126
846 247 1082 288 -9-

189 351 336 396 fulciri
380 356 424 397 et
467 351 723 397 confirmari
767 366 943 396 censeo.
1012 351 1166 409 Atque
1205 353 1264 395 ad
1301 351 1423 395 hanc
1461 351 1735 395 sententiam

188 422 465 468 fulciendam
509 427 553 468 et
589 423 911 468 stabiliendam
948 423 1313 467 dissertationem
1349 425 1553 466 nostram
1592 435 1735 478 quan-

187 492 517 551 tulumcunque
548 492 792 537 allaturam
824 495 924 537 esse
955 506 1098 550 spero.

305 563 404 608 Iam
436 565 495 608 ad
525 578 620 607 rem
651 564 800 620 ipsam
833 563 1165 619 aggrediamur.

764 693 804 736 Ι.
837 693 1154 749 Copulativae.

917 788 1002 828 καὶ.

305 884 367 924 καὶ
396 881 667 938 particulam
700 881 822 938 apud
853 895 1010 925 omnes
1043 880 1281 937 scriptores
1314 894 1414 925 eam
1439 879 1607 925 habere
1627 893 1734 937 pro-

187 952 400 1004 vinciam,
431 955 482 995 ut
514 955 558 995 et
588 951 770 1006 singula
800 950 941 995 verba
973 955 1017 995 et
1048 955 1143 995 tota
1174 951 1410 995 enuntiata
1440 951 1570 1008 interv
1588 964 1635 994 se
1660 964 1733 993 co-

187 1022 328 1079 pulet,
355 1023 473 1066 inter
494 1037 652 1066 omnes
675 1023 899 1066 convenit.
947 1021 1231 1078 Antiquioris
1253 1035 1358 1065 vero
1381 1022 1490 1065 artis
1514 1021 1733 1065 oratoriae

188 1097 255 1137 est
285 1108 545 1150 synonyma
578 1108 692 1150 quae
724 1096 947 1137 vocantur
977 1091 1226 1144 cumulare,
1265 1096 1315 1135 ut
1347 1091 1506 1135 subtili
1534 1092 1733 1148 quadam

186 1164 424 1207 notionum
456 1164 742 1223 distinctione
772 1164 932 1208 clarior
958 1164 1125 1207 evadat
1153 1164 1378 1207 sententia
1405 1163 1516 1215 sive,
1548 1166 1599 1205 ut
1620 1161 1733 1206 Cae-

188 1232 278 1275 cilii
308 1222 431 1275 illius
466 1232 688 1276 Calactini
701 1235 732 1288 ¹)
765 1233 914 1277 verbis
946 1237 1067 1286 utar,
1104 1236 1237 1287 „dmog
1265 1233 1324 1290 εἴη
1355 1234 1569 1290 σημαντικὴ
1600 1248 1641 1273 τε
1673 1234 1735 1273 καὶ

186 1305 388 1363 εὐπρεπὴς
416 1308 504 1355 τοῖς.
523 1305 728 1362 (ἶνόμασιν“
766 1304 879 1361 (scil.
903 1306 927 1364 ἢ
947 1305 1076 1360 λέξις).
1131 1303 1277 1358 Quem
1298 1317 1446 1357 usum,
1479 1317 1567 1361 quo
1592 1302 1733 1347 verba

178 1366 390 1418 >eiusdem
426 1374 502 1418 vel
542 1376 788 1418 consimilis
828 1374 1176 1430 significationis
1207 1374 1432 1432 particula
1463 1377 1525 1417 καὶ
1556 1388 1732 1418 coacer-

186 1448 368 1497 vantur,
395 1448 491 1488 tam
517 1445 721 1490 crebrum
743 1447 865 1503 apud
885 1445 1223 1502 Antiphontem
1245 1446 1520 1498 invenimus,
1548 1449 1599 1503 ut
1621 1445 1731 1502 quin

187 1515 338 1558 studio
371 1516 568 1571 quodam
600 1520 737 1572 atque
769 1530 920 1561 amore
946 1531 1049 1561 eum
1071 1518 1306 1573 arripuerit
1327 1531 1422 1560 non
1444 1516 1635 1560 dubium
1657 1516 1727 1559 sit.

185 1584 289 1641 Huc
322 1586 489 1642 optime
522 1587 702 1638 cadunt,
737 1600 851 1642 quae
882 1586 1116 1630 Maetzner
1147 1587 1257 1630 scite
1289 1588 1348 1629 ad
1378 1586 1421 1628 V
1450 1586 1509 1630 42
1539 1587 1729 1629 iudicat:

190 1654 535 1707 „Abundantia‚
591 1670 680 1712 qua
724 1656 926 1700 luxuriat
973 1659 1114 1701 oratio
1161 1657 1348 1700 minime
1393 1657 1600 1700 insuavis
1648 1660 1731 1707 est.

187 1726 352 1782 quippe
385 1739 500 1783 quae
531 1725 843 1783 proficiscatur
875 1741 902 1770 a
933 1728 1081 1771 studio
1112 1726 1374 1771 inculcandi
1401 1725 1588 1770 auribus
1612 1726 1731 1769 iudi—

186 1809 288 1840 cum
325 1810 420 1839 rem
457 1797 718 1850 gravissimi
755 1799 1015 1842 momenti“.
1084 1798 1410 1854 Exemplorum
1446 1811 1573 1850 vero,
1614 1812 1731 1854 quae

185 1865 451 1911 huiusmodi
488 1867 670 1923 collegi,
707 1869 981 1923 gravissima
1013 1868 1283 1921 describere,
1325 1872 1574 1912 ceterorum
1605 1867 1730 1912 locos

185 1940 364 1980 tantum
396 1951 624 1994 apponere
654 1938 808 1983 liceat:
846 1942 871 1983 I
895 1940 960 1992 Ll
995 1941 1133 1990 δεινῶς
1161 1942 1236 1982 καὶ
1268 1941 1447 1997 ἀπύρως;
1480 1939 1547 1991 3,1
1583 1942 1630 1988 ἐξ
1654 1942 1729 1982 ἐπι-

184 2009 332 2067 βουλῆς
361 2010 434 2050 καὶ
465 2010 706 2068 προβουλῆςς
739 2009 810 2061 4,6
835 2010 899 2065 [=
918 2009 1040 2066 27‚6]
1053 2010 1088 2065 2)
1122 2013 1222 2068 πρὸς
1240 2012 1341 2067 ὑμᾶς
1360 2012 1433 2052 καὶ
1453 2013 1496 2052 τὸ
1519 2011 1729 2066 ὃίκαιον3);

187 2078 305 2131 10,7;
341 2079 457 2131 13,4;
490 2080 590 2132 21,6
623 2080 694 2135 (cf.
731 2080 829 2132 233
862 2099 903 2124 τε
925 2108 978 2112 -
1003 2084 1104 2137 καὶ);
1144 2081 1246 2134 25,4
1277 2083 1518 2139 δικαιότερον
1550 2084 1624 2123 καὶ
1654 2084 1728 2123 ὁσι-

184 2152 354 2207 ώτερονς
387 2149 447 2194 ib.
481 2151 527 2202 7;
561 2150 658 2203 26,1
691 2151 749 2195 ib.
785 2151 811 2194 2
843 2155 887 2195 et
918 2151 963 2204 9;
996 2151 1116 2205 27,3;
1149 2151 1246 2204 28,1
1283 2151 1354 2208 (cf.
1386 2151 1455 2196 III
1488 2169 1513 2207 γ
1542 2152 1631 2204 5,1;
1663 2150 1726 2194 IV

186 2237 210 2274 γ
238 2218 329 2271 6,2;
366 2218 436 2263 III
469 2237 494 2274 γ
525 2220 613 2275 1‚4)
658 2220 716 2264 ib.
751 2221 778 2263 7
816 2222 1089 2279 λαθραιότατα
1128 2224 1203 2264 καὶ
1239 2225 1295 2272 ὡς
1331 2223 1545 2280 ἄνθρωπον
1576 2223 1728 2280 μηδένα

184 2291 345 2340 εἷὸέναις
377 2291 415 2334 V
447 2288 587 2342 3‚7-8;
627 2290 695 2342 8,l
738 2295 1056 2348 παρανομώτατα
1087 2294 1160 2334 καὶ
1189 2293 1397 2346 βιαιότατα
1429 2296 1473 2336 et
1499 2291 1728 2335 simillime

182 2359 241 2402 ib.
275 2359 322 2410 9;
367 2359 457 2411 9,8;
499 2360 616 2412 11‚9;
657 2360 731 2413 14,
771 2360 797 2404 3
830 2366 872 2404 et
907 2362 957 2404 11
994 2364 1056 2417 (=
1075 2360 1142 2403 VI
1189 2362 1352 2417 2,2-3);
1402 2362 1519 2413 16‚3;
1560 2361 1727 2413 19‚1-2;

182 2429 306 2482 4223
337 2429 439 2482 442
460 2431 576 2485 ἐγγὺς
593 2435 661 2490 τῆς
680 2431 888 2491 θαλάσσης
907 2434 982 2474 καὶ
1003 2436 1079 2474 τῶν
1101 2432 1260 2484 πλοίων;
1293 2431 1412 2485 61,2;
1442 2431 1542 2485 625
1558 2433 1726 2489 μέγιστα

279 2537 305 2581 ¹)
322 2537 367 2570 cf.
382 2538 438 2571 De
454 2537 545 2571 Ant.
555 2538 777 2581 eloquentia
788 2539 945 2573 Caecilii
956 2539 1146 2574 Calactini
1159 2539 1298 2581 fragm.
1314 2540 1356 2573 in
1369 2539 1428 2574 ed.
1443 2540 1564 2574 Blass.
1580 2549 1615 2582 p.
1624 2539 1724 2573 XLI.

277 2595 305 2640 ²)
333 2596 444 2631 Alter
474 2608 663 2631 numerus
695 2597 860 2641 indicat,
894 2609 970 2643 quo
1004 2599 1046 2633 in
1078 2609 1197 2633 versu
1228 2600 1468 2643 paragraphi
1501 2599 1725 2642 exemplum

180 2656 411 2701 reperiatur.

277 2714 304 2759 3)
333 2714 378 2750 cf.
405 2713 518 2758 125,ss
546 2716 613 2749 ὑπό
637 2728 684 2750 τε
710 2717 806 2758 ὑμῶν
825 2716 892 2751 καὶ
911 2720 976 2751 τοῦ
995 2717 1145 2758 dedalo&
1172 2717 1222 2751 ad
1239 2717 1465 2751 bimembris
1483 2717 1605 2758 igitur
1623 2727 1726 2751 com-

182 2774 387 2816 positionis
419 2774 611 2807 rationem
644 2775 692 2807 ab
717 2775 962 2817 Antiphonte
995 2776 1112 2809 etiam
1145 2776 1242 2809 alias
1275 2775 1469 2808 adhibitas
1496 2785 1580 2808 esse
1607 2777 1726 2818 parti-

183 2832 302 2874 culas⁷
327 2832 361 2865 si
387 2831 434 2865 de
460 2832 520 2865 his
546 2832 643 2875 ipsis
671 2833 742 2866 erit
768 2833 1059 2876 explicandum,
1084 2833 1320 2868 ostendetur.
