1963 3126
337 973 541 1046 „Natura
571 992 701 1037 nulla
733 997 813 1045 est,
846 1006 960 1049 quae
991 1006 1085 1036 non
1115 993 1286 1036 habeat
1316 994 1364 1036 in
1396 1006 1480 1036 suo
1502 1006 1667 1048 genere
1688 1007 1758 1037 res

216 1065 471 1121 complures
505 1063 751 1107 dissimiles
782 1064 899 1107 inter
930 1077 996 1115 se,
1034 1067 1150 1120 quae
1180 1067 1335 1107 tamen
1368 1062 1594 1107 consimili
1624 1063 1760 1107 laude

216 1135 485 1188 dignentun
548 1133 614 1176 At
655 1132 743 1177 hoc
781 1134 984 1190 quidem,
1030 1134 1150 1190 quod
1188 1137 1258 1177 est
1294 1134 1343 1177 in
1382 1135 1558 1177 naturis
1597 1147 1760 1186 rerum,

214 1203 448 1248 transferri
478 1207 628 1261 potest
659 1204 795 1248 etiam
828 1205 887 1248 ad
920 1207 1053 1257 artes,
1090 1204 1314 1261 imprimis
1347 1205 1405 1249 ad
1438 1208 1582 1249 artem
1614 1209 1760 1249 orato-

144 1322 147 1324 ,
213 1276 328 1319 riam
342 1278 413 1331 ¹).“
462 1275 589 1328 Quae
611 1289 876 1332 quanquam
897 1289 992 1319 una
1014 1279 1096 1328 est,
1117 1279 1273 1319 tamen
1296 1276 1350 1327 ei,
1383 1276 1461 1332 qui
1482 1276 1530 1319 in
1553 1289 1606 1319 ea
1628 1290 1759 1333 prae—

215 1350 387 1390 stantes
426 1346 626 1398 fuerunt,
664 1347 782 1390 inter
819 1360 867 1390 se
898 1346 1081 1390 fuerunt
1112 1347 1367 1390 dissimiles.
1431 1346 1573 1390 Velut
1604 1348 1759 1390 suavi-

213 1420 368 1469 tatem,
400 1421 452 1461 ut
473 1417 537 1461 ait
558 1415 711 1461 Cicero
733 1417 762 1461 l.
785 1416 830 1470 L,
862 1416 1098 1469 Isocrates,
1127 1416 1426 1461 subtilitatem
1448 1416 1628 1473 Lysias,
1651 1431 1757 1461 acu-

214 1500 320 1530 men
370 1486 647 1543 Hyperides,
699 1487 898 1529 sonitum
947 1485 1223 1538 Aeschines,
1275 1487 1370 1529 vim
1421 1485 1756 1531 Demosthenes

213 1557 388 1600 habuit.
435 1557 590 1612 Atque
620 1555 734 1599 illud
766 1557 952 1612 quidem
982 1570 1076 1599 non
1106 1557 1242 1600 modo
1276 1558 1335 1600 ad
1367 1558 1616 1600 sententias
1646 1571 1757 1613 qua-

142 1647 146 1648 ⁷
215 1627 317 1670 drat
360 1630 404 1670 et
445 1627 630 1681 ingenia
673 1626 920 1683 unicuique
966 1640 1120 1670 eorum
1157 1627 1359 1683 propria,
1408 1627 1487 1670 sed
1525 1627 1662 1670 etiam
1702 1628 1757 1670 de

215 1698 396 1741 dicendi
428 1698 754 1741 consuetudine
785 1697 860 1740 vel
890 1697 1042 1753 potius
1075 1698 1130 1740 de
1161 1698 1351 1741 materia
1380 1697 1481 1750 illa,
1519 1712 1634 1754 quae
1667 1698 1758 1741 elo-

214 1770 441 1812 cutionem
466 1767 614 1820 efficit,
647 1768 941 1812 statuendum
966 1781 1065 1811 esse
1088 1781 1260 1811 censeo
1309 1766 1469 1824 Neque
1492 1769 1614 1812 enim
1635 1767 1757 1811 ullus

214 1842 282 1881 est
302 1842 486 1890 orator,
525 1839 603 1894 qui
640 1853 733 1882 non
771 1852 824 1881 ea
854 1837 943 1881 sibi
974 1836 1111 1893 eligat
1140 1838 1325 1891 linguae
1358 1839 1603 1890 elementa,
1643 1852 1758 1894 quae

213 1923 321 1952 suae
352 1909 495 1966 ipsius
527 1909 790 1966 proprietati
811 1909 1010 1952 maxime
1031 1909 1346 1965 respondeant.
1396 1907 1586 1952 Constat
1606 1912 1758 1952 autem

212 1980 330 2022 inter
362 1981 568 2022 omnium
597 1979 868 2035 populorum
901 1979 1083 2033 linguas
1114 1978 1291 2021 nullam
1321 1993 1432 2030 esse,
1466 1993 1555 2035 qua
1576 1993 1757 2023 accura—

211 2050 302 2093 tius
330 2063 471 2106 quam
495 2048 669 2094 Graeca
697 2050 886 2093 intimae
908 2049 1206 2104 cogitationes
1229 2049 1552 2106 exprimantur.
1607 2048 1755 2103 Quam

213 2120 375 2164 Graeci
413 2121 634 2164 sermonis
673 2121 906 2171 virtutem,
945 2134 1034 2175 qua
1071 2121 1211 2163 oratio
1245 2121 1439 2163 dicentis
1472 2121 1623 2164 animo
1655 2125 1751 2163 tan-

213 2205 351 2248 quam
371 2191 612 2236 humidum
634 2191 961 2235 vestimentum
984 2192 1156 2248 corpori
1177 2206 1225 2236 se
1247 2191 1460 2248 applicat,
1493 2190 1755 2236 Classenius

211 2263 282 2305 vir
312 2263 600 2306 doctissimus
636 2261 709 2305 his
740 2261 890 2305 verbis
920 2263 1212 2318 praedicat2):
1266 2298 1301 2314 ,,.
1338 2298 1344 2305 .
1382 2298 1389 2305 .
1422 2261 1538 2306 Jene
1570 2262 1755 2306 Frische

211 2334 308 2376 und
346 2332 755 2378 Unmittelbarkeit
801 2333 912 2390 (scil.
953 2334 1032 2378 der
1067 2333 1516 2387 Ausdrucksweise),
1564 2334 1635 2376 die
1683 2334 1754 2376 die

213 2403 610 2458 augenblickliche
633 2403 908 2459 Gestaltung
930 2405 1008 2448 des
1032 2403 1311 2447 Gedankens
1336 2417 1392 2447 zu
1414 2403 1633 2458 ergreifen
1655 2417 1754 2446 ver-

213 2473 349 2528 steht,
366 2475 473 2532 jene
494 2473 908 2519 Anschaulichkeit
928 2476 1027 2519 und
1043 2474 1393 2530 Lebendigkeit,
1419 2473 1561 2518 durch
1581 2473 1754 2518 welche

211 2546 294 2588 wir
329 2559 415 2588 uns
453 2559 502 2589 so
541 2545 604 2589 oft
640 2544 1043 2589 unwiderstehlich
1081 2558 1347 2600 angezogen
1385 2544 1561 2596 fiihlen,
1601 2543 1754 2587 haben

212 2630 317 2658 zum
347 2630 539 2670 grossen
573 2616 672 2660 Teil
702 2616 834 2659 ihren
868 2615 1029 2659 Grund
1060 2617 1109 2659 in
1141 2617 1220 2659 der
1253 2614 1546 2669 gliicklichen
1572 2614 1754 2668 Anlage

307 2721 334 2765 ¹)
352 2723 508 2766 Cicero,
533 2723 580 2757 de
606 2734 658 2758 or.
686 2724 743 2758 III
768 2723 802 2766 7,
828 2723 871 2758 25
898 2734 955 2767 sq.

306 2779 334 2823 ²)
361 2782 696 2824 Beobachtungen
734 2783 831 2815 iiber
870 2782 946 2816 den
986 2783 1142 2816 Homer.
1176 2781 1536 2824 Sprachgebrauch.
1602 2781 1755 2814 Frank-

211 2838 291 2873 furt
316 2850 347 2875 a.
366 2839 417 2874 M.
470 2841 569 2877 1867.
620 2852 656 2885 p.
675 2840 753 2876 223.
