1963 3126
340 799 439 842 Iam
470 813 578 842 vero
611 799 764 854 aliqua
796 799 1006 855 exempla
1037 813 1179 856 eaque
1210 799 1573 844 luculentissima
1604 813 1772 855 suppo-

223 883 406 914 namus:
440 871 466 914 Ι
497 868 553 914 28
586 869 779 926 θαυμάζω
811 902 821 911 .
842 902 851 911 .
882 872 951 913 τοῦ
983 871 1159 928 α’δελφοῦ
1190 903 1200 912 .
1222 903 1231 912 .
1262 873 1305 913 τὺ
1338 870 1632 928 διομόσασθαι.
1654 902 1664 911 .
1692 874 1776 921 πῶς

227 941 316 997 γὰρ
348 940 395 981 ἅν
426 956 481 990 τις
509 941 555 982 εὖ
585 941 705 999 εἰδείη
737 942 796 991 οἷς
817 943 874 1000 μὴ
906 942 1163 998 παρεγένετο;
1202 944 1248 984 οὐ
1282 944 1370 999 γὰρ
1402 943 1528 1000 δήπου
1554 943 1772 999 μαρτύρων

226 1012 261 1065 γ’
294 1012 462 1053 ἐναντίον
499 1013 593 1063 κτλ.;
632 1012 668 1054 V
699 1010 756 1055 26
787 1044 797 1052 .
819 1044 828 1052 .
859 1013 990 1055 οὐδενὶ
1024 1013 1132 1069 λόγῳ
1169 1014 1282 1056 εἷκύτι
1319 1014 1500 1055 δυ’νανται
1531 1013 1771 1070 ἀποφαίνειν.

225 1082 342 1139 δῆλον
381 1083 470 1139 γὰρ
509 1083 566 1124 ὅτι
597 1083 713 1137 ἐγγύς
741 1098 814 1125 που
846 1085 915 1125 τοῦ
947 1084 1098 1140 λιμένος
1126 1085 1227 1134 εἰκὸς
1254 1084 1300 1142 ἦν
1331 1115 1340 1124 .
1362 1115 1371 1124 .
1403 1084 1509 1126 οὔτε.
1527 1085 1616 1141 γὰρ
1649 1085 1770 1125 αὑτοῦ

223 1156 394 1208 >epate-:M
427 1153 537 1196 item
563 1154 600 1196 V
621 1153 677 1196 79
709 1155 829 1195 ἅπασι
862 1155 951 1210 γὰρ
982 1185 991 1194 .
1013 1186 1022 1194 .
1052 1156 1266 1212 ἠλλάξαντο
1298 1157 1397 1212 γὰρ.
1449 1153 1603 1209 Etiam
1623 1155 1771 1209 magis

222 1221 388 1265 mirum
410 1222 473 1266 VI
495 1221 572 1267 3-5
605 1222 689 1265 ἔστι
711 1225 785 1280 μὲν
809 1225 900 1282 γὰρ
922 1255 931 1264 .
953 1255 962 1265 .
985 1225 1083 1283 αὕτη
1105 1225 1150 1267 δὲ
1172 1255 1181 1265 .
1203 1256 1212 1265 .
1234 1226 1385 1284 ἀνάγκη
1409 1226 1498 1282 γὰρ
1519 1256 1529 1265 .
1551 1256 1560 1265 .
1582 1225 1772 1283 τοσαύτην

225 1295 314 1349 γὰρ
346 1323 355 1333 .
377 1324 386 1333 .
418 1293 502 1336 ἔστι
527 1295 601 1349 μὲν
634 1296 737 1351 γὰρ.

339 1372 498 1431 Neque
536 1388 664 1420 secus
703 1389 774 1420 res
807 1389 854 1420 se
885 1374 1026 1421 habet
1056 1377 1106 1420 in
1136 1375 1301 1421 tetrall.
1365 1375 1484 1421 Eece
1515 1376 1630 1421 haec
1661 1389 1771 1420 sane

222 1446 339 1488 mira
368 1447 447 1489 III
478 1447 511 1499 β
540 1445 632 1489 3-4
670 1449 713 1488 τὸ
753 1449 842 1504 γὰρ
868 1449 1072 1504 μειράκιον
1102 1478 1112 1488 .
1134 1479 1143 1488 .
1175 1450 1244 1490 τοῦ
1278 1449 1366 1505 γὰρ
1399 1449 1538 1498 παιδὸς
1566 1479 1575 1488 .
1597 1479 1606 1488 .
1638 1449 1673 1489 εἷ
1699 1448 1773 1503 μὲν

226 1517 333 1573 roim
368 1532 392 1570 γ
423 1515 499 1559 1-2
529 1518 667 1575 ἥκιστα
702 1518 791 1574 γὰρ
823 1548 832 1557 .
854 1548 863 1557 .
895 1518 974 1572 ἐγώ
1005 1533 1047 1559 τε
1080 1518 1169 1575 γὰρ
1201 1548 1210 1558 .
1232 1548 1241 1558 .
1273 1518 1368 1560 οὐδὲ
1401 1519 1501 1576 γὰρ.

341 1597 500 1640 Unum
532 1599 654 1653 apud
675 1598 1011 1654 Antiphontem
1034 1603 1181 1643 exstat
1204 1600 1478 1655 exemplum,
1510 1601 1559 1642 in
1581 1613 1669 1655 quo
1694 1602 1772 1656 γὰρ

224 1667 265 1710 ei
297 1668 568 1719 sententiae,
602 1669 729 1711 cuius
762 1682 948 1712 causam
980 1667 1131 1721 affert,
1163 1669 1478 1725 praemittitur.
1541 1667 1629 1712 Hic
1660 1682 1771 1712 usus

227 1737 473 1788 „naturalis
490 1738 740 1794 priscorum
758 1739 936 1782 dicendi
952 1738 1182 1782 facultatis
1201 1743 1281 1791 est,
1297 1753 1413 1796 quae
1427 1740 1549 1796 quod
1562 1740 1771 1795 proxime

222 1807 270 1850 in
301 1811 500 1851 mentem
532 1808 671 1860 venit,
703 1809 750 1851 id
782 1810 906 1853 omni
938 1808 1134 1853 effundit
1163 1810 1235 1853 vi“
1256 1812 1300 1865 ¹).
1362 1810 1515 1867 Atque
1546 1811 1594 1854 id
1625 1824 1770 1865 genus

221 1879 444 1935 imprimis
483 1879 539 1923 ab
571 1878 770 1924 Homero
802 1879 1121 1937 Herodotoque
1160 1881 1367 1925 adamari
1404 1895 1536 1926 nemo
1574 1882 1768 1936 ignorat.

222 1949 452 1994 Exaratur
490 1954 643 1994 autem
680 1952 706 1994 I
741 1951 791 1995 11
832 1955 896 1994 νῦν
927 1952 979 2001 δ’,
1018 1954 1097 2006 ἐγὼ
1131 1954 1207 2010 γάρ
1239 1954 1313 2009 εἶμι
1344 1956 1457 1995 τοῦτο
1484 1954 1558 2009 μὲν
1589 1955 1610 1993 ὃ
1644 1953 1771 1994 θέλων

222 2022 341 2070 αὐτὸς
368 2022 611 2078 βασανιστὴς
642 2022 830 2075 γενέσθαι
851 2054 861 2063 .
885 2054 894 2063 .
920 2054 944 2070 .,
977 2024 1062 2078 ἐμοὶ
1083 2024 1208 2080 δήπου
1230 2025 1331 2072 εἰκὸς
1349 2024 1471 2065 ταύτὰ
1493 2027 1615 2064 ταῦτα
1638 2024 1769 2080 τεκμή-

218 2108 290 2148 ρια
322 2091 429 2139 εἶναι,
464 2091 589 2134 cuius
620 2091 743 2133 modi
777 2090 1072 2135 conformatio
1104 2095 1188 2147 (νῦν
1211 2094 1418 2150 ὃὲ-γὰρ)
1453 2093 1576 2148 apud
1599 2091 1764 2136 Home-

221 2174 323 2203 rum
353 2174 570 2217 persaepe
602 2162 891 2216 invenitur2).
945 2161 1044 2205 Iam
1076 2163 1136 2205 ad
1167 2161 1190 2205 I
1214 2163 1264 2206 11
1293 2162 1445 2209 confer
1466 2177 1633 2219 quaeso
1655 2164 1691 2206 V
1713 2162 1770 2206 38

222 2234 287 2273 νῦν
318 2232 376 2280 δέ,
409 2232 527 2274 ὁπότε
558 2233 667 2284 αὐτοὶ
697 2232 804 2274 οὗτοι
835 2233 1161 2289 προκαλουμένων
1188 2238 1264 2275 τῶν
1291 2235 1412 2290 φίλων
1440 2238 1516 2276 τῶν
1537 2235 1642 2290 ἐμῶν
1663 2231 1768 2275 ταῦτ’

222 2300 380 2357 ἔφυγον,
413 2303 497 2358 ἐμοὶ
528 2303 653 2360 δήπου
686 2303 784 2343 κατὰ
812 2303 958 2344 τούτων
981 2303 1078 2344 εἶναι
1092 2304 1176 2362 χρὴ
1197 2305 1319 2346 ταύτὰ
1341 2308 1463 2346 ταῦτα
1485 2305 1670 2362 τεκμήρια
1693 2305 1767 2345 κτλ.

223 2370 344 2424 Quid
375 2371 458 2416 tibi
488 2371 604 2417 haec
627 2372 857 2417 simillime
881 2377 1143 2429 comparata
1165 2373 1376 2431 exempla
1396 2374 1588 2430 probare
1609 2375 1768 2418 viden—

221 2444 321 2485 tur‘?
381 2441 434 2485 Id
466 2456 577 2486 sane
610 2444 807 2499 quidem,
837 2444 1104 2500 praesertim
1128 2457 1231 2487 cum
1252 2444 1337 2487 hos
1358 2444 1482 2488 locos
1506 2457 1767 2488 communes

223 2526 278 2556 ex
310 2516 404 2556 arte
436 2527 552 2569 quae
583 2518 770 2557 vocatur
800 2516 1096 2571 transcriptos
1129 2529 1228 2559 esse
1258 2514 1505 2561 verisimile
1530 2515 1602 2567 sit,
1634 2515 1766 2558 Anti-

221 2581 441 2639 phontem
472 2584 646 2627 ratione
678 2587 722 2627 et
753 2583 941 2627 consilio
974 2584 1273 2628 elocutionem
1304 2598 1437 2629 suam
1461 2585 1700 2627 emendare
1723 2587 1766 2626 et

224 2654 283 2696 ad
313 2653 624 2709 perfectiorem
654 2655 848 2708 gradum
880 2647 1146 2710 promevere
1178 2655 1421 2699 studuisse.
1458 2682 1511 2686 —
1544 2654 1620 2697 Ad
1651 2652 1765 2697 illud

318 2783 344 2826 1)
372 2784 557 2826 Spengel,
581 2797 701 2829 συναγ.
725 2797 818 2830 τεχν.
843 2795 880 2827 p.
899 2785 937 2826 93
963 2785 1009 2818 cf.
1035 2785 1224 2819 Kuehner
1248 2787 1271 2819 1.
1292 2796 1321 2818 e.
1340 2796 1376 2828 p.
1395 2785 1507 2826 8532.

315 2840 343 2885 2)
371 2842 418 2875 cf.
445 2852 545 2884 quae
571 2843 721 2876 Beluml.
746 2844 770 2876 l.
788 2844 812 2876 l.
830 2853 867 2886 p.
886 2843 994 2877 78-79
1019 2844 1165 2877 laudat.
