1963 3126
884 194 1121 232 -34-

229 297 357 342 illam
396 298 786 342 consuetudinem.
857 297 978 351 Quid
1014 299 1107 343 ita?
1169 299 1288 354 Quia
1324 300 1449 345 hunc
1486 315 1640 353 usum,
1680 314 1782 344 cum

230 370 354 425 apud
390 367 676 413 Herodotum
718 370 1005 425 tragicosque
1043 371 1290 415 inusitatus
1330 376 1466 423 esset,
1513 385 1572 415 ne
1608 375 1782 414 veteres

231 439 418 495 quidem
455 439 582 483 attici
620 438 840 482 sermonis
879 441 1084 482 auctores
1122 441 1413 497 recipiebant.
1488 440 1608 484 Nam
1646 440 1783 483 etiam

230 508 525 565 Thucydides
556 523 649 553 uno
680 512 860 552 tantum
890 508 1009 572 loco,
1049 508 1163 553 VIII
1199 511 1242 563 1,
1275 511 1322 563 2,
1357 511 1477 554 hanc
1510 510 1783 555 solutionem

231 571 482 624 adscivisse
513 580 704 624 videtur.

349 662 603 718 Pergamus
634 677 758 707 nunc
788 664 838 708 in
867 663 1166 717 negationum
1198 678 1296 708 usu.
1362 664 1554 709 Constat
1585 664 1783 708 Graecos

230 733 492 785 infinitivis,
533 734 611 795 qui
647 734 852 789 pendent
891 732 948 776 ab
982 733 1045 776 eis
1077 733 1251 786 verbis,
1292 735 1458 791 quibus
1489 737 1613 779 notio
1645 735 1784 778 insita

231 797 300 848 est
331 805 564 858 negativa,
596 804 876 860 pleonastice
902 806 959 862 μὴ
991 804 1253 859 adiungere.
1304 805 1456 858 Quam
1477 806 1625 860 legem
1647 806 1783 849 etiam

230 867 571 931 Antiphontem
588 865 718 930 sequi
736 878 1093 918 consentaneum
1111 878 1192 926 est,
1217 874 1268 919 cf.
1287 874 1330 917 V
1352 876 1425 927 17;
1448 876 1523 927 34;
1545 875 1681 926 82311
1700 874 1783 930 γ8ς

230 943 298 987 ΠΙ
316 934 351 999 β
370 944 416 996 9;
443 962 467 999 r
485 945 532 996 4;
556 945 603 994 7;
637 948 840 988 attamen
872 943 1108 988 nonnullis
1139 944 1250 988 locis
1279 945 1476 1001 longius,
1510 959 1647 1003 quam
1669 945 1783 1006 opti-

229 1029 409 1058 morum
440 1014 517 1058 Iex
549 1018 636 1066 est,
668 1016 879 1071 progredi
910 1014 1026 1057 mihi
1057 1015 1251 1058 videtur.
1321 1015 1479 1072 Neque
1511 1017 1629 1059 enim
1662 1016 1784 1071 apud

230 1084 374 1128 alium
407 1098 685 1141 quemquam
718 1083 1069 1141 deprehenderis
1103 1099 1156 1128 ea
1188 1099 1304 1141 quae
1336 1087 1372 1129 V
1403 1086 1459 1130 32
1492 1087 1783 1144 ἀπετρέπετο

225 1157 378 1213 μηδὲν
411 1190 420 1200 .
444 1192 452 1200 .
480 1191 488 1199 .
523 1156 869 1211 καταφεύὸεσιῖαω
900 1157 953 1199 ΙΙ
981 1156 1048 1199 dl
1086 1158 1511 1213 ἀποστερούμενος
1540 1193 1548 1200 .
1582 1192 1590 1200 .
1621 1192 1628 1200 .
1662 1157 1784 1214 μηδὲ

266 1261 273 1269 .
300 1262 308 1269 .
343 1227 691 1277 ἀνακλαύσασθαι;
729 1227 856 1280 ΙΠβ
875 1226 902 1270 9
926 1241 968 1256 =
991 1227 1103 1280 IVss
1121 1226 1147 1269 3
1181 1226 1387 1283 εἴργοντι
1413 1228 1530 1285 μήτε
1562 1262 1569 1270 .
1598 1262 1605 1270 .
1631 1262 1639 1270 .
1668 1228 1784 1283 μήτε

265 1332 273 1339 .
300 1332 307 1339 .
343 1297 597 1348 ἁποκτείνειν;
628 1300 863 1352 praeterea
892 1309 1009 1352 quae
1031 1301 1139 1339 sunt
1169 1297 1249 1340 III
1270 1297 1303 1350 β
1322 1296 1349 1339 9
1381 1298 1637 1339 ἀπολύεται
1662 1297 1784 1354 μηδὲ

230 1367 423 1418 ἀκουσίως
458 1369 680 1409 ἀποκτεῖναι
718 1369 761 1409 et
792 1367 829 1409 V
861 1366 914 1410 17
953 1367 1037 1422 ἐμοὶ
1071 1365 1185 1423 μόνῳ
1217 1367 1406 1409 ἐπέλιπε
1432 1368 1493 1426 μὴ
1525 1368 1725 1425 ὠφελῆσαι
1738 1368 1779 1420 l).

229 1436 485 1481 Diversitas
530 1451 638 1481 vero
685 1438 911 1494 quaedam
957 1442 1147 1493 apparet
1191 1438 1240 1481 in
1285 1439 1618 1482 constructione
1656 1438 1784 1481 verbi

230 1509 476 1559 διακωλύειν;
516 1508 565 1550 in
603 1521 662 1551 or.
687 1509 724 1551 V
750 1507 807 1551 82
846 1509 970 1550 enim
1008 1508 1048 1551 ei
1086 1507 1305 1551 subicitur
1336 1510 1412 1566 μή,
1455 1508 1503 1551 in
1533 1508 1783 1562 tetralogiis

229 1591 322 1621 non
343 1579 467 1629 item,
501 1577 552 1621 cf.
576 1580 656 1621 III
672 1579 704 1632 β
722 1577 770 1628 4;
793 1578 840 1629 7;
866 1595 890 1631 γ
908 1577 955 1628 6;
975 1577 1014 1621 8.
1070 1576 1197 1630 Quae
1227 1579 1439 1633 quamvis
1462 1575 1586 1633 apud
1607 1576 1783 1620 Rham-

228 1649 415 1692 nusium
453 1647 841 1704 deprehendatur,
879 1651 1035 1691 tamen
1073 1648 1180 1691 inde
1218 1647 1394 1704 aliquid
1432 1648 1492 1691 ad
1521 1648 1782 1702 tetralogias

230 1719 604 1762 condemnandas
641 1719 899 1762 redundare
937 1732 1177 1775 perperam
1208 1718 1429 1761 iudicavit
1461 1717 1780 1773 Brueckner2).

229 1788 352 1832 Nam
395 1793 716 1846 praeterquam
761 1790 882 1845 quod
927 1804 983 1833 ex
1021 1790 1246 1833 eiusmodi
1285 1789 1409 1845 apud
1446 1788 1783 1845 Antiphontem

229 1859 571 1903 discriminibus
603 1858 723 1902 nihil
755 1858 970 1911 efficitur,
1009 1873 1113 1903 eum
1145 1860 1204 1903 ad
1235 1850 1465 1912 Madvigii
1497 1857 1552 1902 V.
1586 1857 1641 1902 D.
1680 1873 1783 1913 gra-

228 1930 473 1974 vissimum
495 1930 716 1973 iudicium
728 1931 762 1982 3)
786 1944 963 1981 revoco,
989 1930 1066 1986 qui
1086 1928 1325 1986 profitetur
1346 1930 1573 1971 διακωλύειν
1593 1929 1783 1973 verbum

214 2001 354 2056 ‘apud
397 2001 637 2056 scriptores
676 2013 864 2054 graecos
902 1998 1030 2042 haud
1069 2003 1332 2043 constanter
1372 1999 1431 2042 ad
1468 1997 1598 2041 illam
1634 1997 1783 2054 legem

229 2070 425 2121 formari,
457 2071 598 2113 immo
621 2070 790 2113 variari
810 2071 977 2124 potius,
1010 2075 1145 2125 atque
1167 2071 1232 2113 ita
1254 2071 1450 2124 quidem,
1474 2073 1524 2111 ut
1546 2070 1781 2118 διακωλύειν,

224 2141 280 2200 μὴ
312 2139 538 2197 particula
571 2140 752 2192 omissa,
785 2140 999 2184 usitatius
1032 2140 1103 2184 sit.

348 2211 413 2254 Ut
452 2211 614 2255 Graeci
656 2216 761 2267 post
805 2212 946 2254 verba
989 2213 1209 2265 negantia
1245 2225 1327 2267 per
1364 2210 1695 2253 abundantiam
1727 2213 1782 2268 μὴ

229 2283 354 2340 apud
392 2280 694 2335 infinitivum„
740 2281 990 2327 vernacula
1026 2281 1190 2338 lingua
1228 2280 1577 2333 affirmativum,
1620 2280 1782 2327 inferre

230 2352 397 2404 solent,
436 2353 500 2395 sic
527 2355 582 2410 μὴ
615 2352 662 2395 οὐ
694 2357 892 2409 ponunt,
933 2366 1036 2395 cum
1069 2351 1328 2395 infinitivus
1361 2354 1565 2404 negatur.
1629 2351 1782 2408 Atque

231 2427 403 2467 certum
448 2424 678 2479 quendam
722 2423 968 2467 verborum
1010 2438 1253 2467 numerum
1291 2422 1578 2476 grammatici
1616 2423 1781 2466 consti-

229 2495 429 2543 tuerunt,
463 2505 579 2548 quae
612 2505 639 2535 a
669 2492 1004 2549 probatissimis
1037 2492 1294 2537 auctoribus
1328 2492 1386 2535 ad
1417 2490 1545 2535 illam
1576 2491 1782 2547 regulam

327 2599 352 2642 ¹)
380 2599 426 2633 cf.
454 2598 586 2644 εὶζογειν
616 2600 666 2644 μὴ
698 2600 817 2634 Thuc.
844 2600 901 2633 III
928 2599 1003 2641 6,2;
1042 2601 1208 2634 ἀπολύειν
1233 2601 1284 2645 μὴ
1315 2600 1406 2633 Her.
1433 2598 1470 2631 Π
1497 2597 1581 2639 174;
1619 2599 1737 2633 Thuo.
1763 2600 1781 2633 I

228 2658 328 2700 95,5;
356 2657 469 2700 1283.
519 2659 590 2692 Est
615 2658 738 2699 igitur
763 2659 1130 2701 antiquissimorum
1156 2669 1252 2692 usus
1279 2656 1450 2691 liberior.

324 2715 352 2760 2)
380 2717 623 2758 Brueckner‚
637 2715 684 2749 de
699 2717 839 2750 tetrall.
855 2716 1018 2759 Antiph.
1034 2716 1203 2751 Rhamn.
1219 2715 1441 2758 adscriptis,
1455 2714 1547 2749 diss.
1562 2715 1780 2759 Lips.1887.

325 2774 353 2818 3)
380 2775 558 2817 Madvig,
583 2775 650 2808 1.1.
677 2774 700 2818 ξ
718 2775 786 2809 210
813 2774 928 2809 Anm.
949 2775 979 2809 l.
