1963 3126
208 321 267 363 ad.
297 320 494 374 tragicos
526 322 675 365 redire
704 321 941 365 Maetzner
972 322 1050 374 (ad
1080 319 1124 362 V
1156 320 1233 373 57)
1265 324 1485 364 autumat.
1549 320 1638 374 Qui
1668 320 1760 365 huc

204 389 341 433 refert
377 391 415 433 V
448 390 504 435 57
543 395 588 434 et
618 392 680 435 VI
710 390 781 434 46.
852 390 1197 433 Eiusdemmodi
1228 403 1335 433 vero
1367 403 1440 433 me
1471 390 1620 434 iudice
1651 394 1759 434 sunt

203 461 229 503 I
261 459 288 503 6
329 463 405 502 καὶ
443 463 490 503 οὐ
528 463 641 503 τοῦτό
680 462 715 515 7)
747 463 847 518 ἐρεῖ,
888 463 944 510 ὡς
978 461 1023 502 εὖ
1059 461 1183 509 οἶδεν,
1222 463 1279 502 ὅτι
1312 461 1348 514 7)
1381 462 1453 502 οὐκ
1482 463 1703 503 ἀπέκτεινεν
1733 464 1757 519 ἡ

200 531 332 589 μήτηρ
371 533 493 575 αὐτοῦ
530 534 595 574 τὸν
626 532 796 589 πατέρα,
836 529 929 574 scil.
965 531 1173 587 quamvis
1209 531 1375 587 „vosu'Cec
1406 534 1520 572 τοῦτο
1552 532 1758 585 εὐσέβειαν

205 602 314 650 εἶναι,
348 605 391 644 τὸ
423 605 489 661 τὴν
514 603 670 660 μητέρα
695 604 752 660 μὴ
778 602 1012 659 προδοῦναι;
1044 602 1081 645 V
1107 601 1160 644 14
1192 602 1432 644 καὶτούτων
1453 601 1540 644 εἴτε
1561 602 1758 658 ψεύδομαι

207 687 249 701 =
291 685 568 729 quamquam
606 673 758 729 siquid
795 673 1010 723 mentior;
1049 671 1109 714 ib.
1147 671 1200 714 15
1240 703 1249 712 .
1271 702 1280 712 .
1302 703 1311 712 .
1343 674 1387 713 τὸ
1426 673 1635 729 φάρμακον
1674 671 1756 715 οὔτ’

205 745 409 800 ἠνάγκασα
440 774 449 783 .
471 774 480 783 .
502 774 511 783 .
563 746 638 784 καὶ
669 745 716 785 οὐ
747 745 886 785 τούτου
907 745 1020 785 ἕνεκα
1043 746 1165 785 ταῦτα
1186 745 1345 800 σφόδρα
1366 744 1482 797 λέγω,
1515 746 1572 792 ὡς
1590 745 1757 798 ἐμαυτὴν

207 813 284 863 ἔξω
316 815 441 865 αἰτίας
468 815 705 873 καταστήσω
744 830 786 844 =
820 828 980 859 verum
1010 817 1165 858 tamen
1196 827 1290 858 non
1320 813 1422 858 ideo
1454 811 1568 858 haec
1600 826 1756 870 premo

208 888 287 928 etc.
367 883 494 937 Quae
540 898 643 927 cum
680 886 746 928 ita
783 886 895 936 sint,
941 884 1120 928 nullum
1159 883 1387 927 calculum
1425 885 1570 927 adicio
1609 897 1756 940 neque

205 955 408 1007 Blassio,
441 957 519 1011 qui
551 954 619 998 VI
648 955 707 999 46
738 955 928 999 Reiskio
962 960 1005 998 et
1036 954 1239 999 Beckero
1272 955 1529 999 auctoribus
1561 955 1758 999 restituit

206 1026 273 1068 καί
301 1027 413 1081 (τοι),
445 1038 592 1082 neque
627 1024 796 1070 Cobcto
828 1025 850 1069 Ι
872 1026 898 1069 6
922 1027 987 1068 καί
1004 1028 1099 1081 (τοι)
1122 1057 1131 1066 .
1153 1057 1162 1066 .
1184 1057 1193 1066 .
1218 1043 1261 1080 γε
1282 1026 1481 1069 mutanti
1512 1025 1754 1080 (Mnemos

204 1111 247 1139 n.
283 1110 317 1139 s.
342 1095 470 1147 VIII,
502 1111 544 1151 p.
571 1097 688 1151 272).

807 1519 885 1561 IV.
925 1518 1162 1562 Causales.

928 1639 953 1676 γ
967 1624 993 1664 ὰ
1006 1640 1047 1679 ρ.

327 1726 443 1770 Cum
479 1728 528 1770 in
565 1726 709 1783 proba
747 1730 791 1770 et
827 1726 1053 1784 perpolita
1089 1727 1334 1781 graecitate
1373 1741 1451 1771 eae
1491 1727 1757 1779 sententiae,

207 1812 323 1855 quae
362 1797 535 1842 causali
578 1811 701 1841 nexu
740 1798 1048 1851 continentur,
1091 1797 1357 1855 plerumque
1396 1799 1443 1841 in
1480 1798 1757 1855 periodicam

205 1870 231 1913 i.
257 1884 293 1913 e.
328 1870 376 1913 in
407 1868 653 1913 firmiorem
684 1869 942 1913 iuncturam
973 1870 1200 1925 particula
1227 1873 1284 1913 ὅτι
1308 1870 1499 1927 aliisque
1523 1874 1756 1924 cogantur,

205 1941 330 1996 apud
352 1938 691 1995 Antiphontem
723 1954 908 1995 prorsus
938 1941 1163 1984 contraria
1185 1941 1299 1984 ratio
1321 1945 1541 1997 tanquam
1562 1942 1637 1985 lex
1659 1955 1756 1984 esse

204 2011 396 2054 videtur.
468 2009 618 2053 Causa
649 2024 776 2062 vero,
815 2010 853 2053 si
885 2012 1084 2066 quaeris,
1123 2024 1176 2054 ea
1207 2012 1306 2054 sine
1340 2010 1477 2054 dubio
1511 2015 1597 2063 est,
1637 2011 1757 2067 quod

206 2081 302 2125 eius
332 2080 524 2125 elocutio
548 2082 606 2124 ad
629 2082 727 2130 λέξιν
749 2082 952 2139 εἰρομένην
979 2085 1167 2138 spectat,
1200 2082 1248 2124 in
1271 2095 1360 2137 qua
1382 2082 1446 2124 sic
1469 2080 1757 2125 conforman-

204 2157 278 2195 tur
298 2152 488 2208 periodi‚
510 2156 561 2195 ut
583 2152 836 2195 sententiae
859 2152 1015 2195 statim
1036 2152 1274 2208 prodeant,
1299 2151 1463 2195 deinde
1486 2150 1757 2195 evolvantur

205 2226 250 2265 et
288 2222 572 2279 explicentur
585 2224 629 2277 1).
693 2221 831 2265 Unde
862 2221 933 2274 fit,
971 2227 1023 2265 ut
1058 2222 1107 2265 in
1140 2223 1363 2265 eiusmodi
1396 2222 1646 2265 enuntiatis
1681 2224 1757 2280 γὰρ

205 2291 369 2336 vocula
405 2306 546 2350 prope
574 2306 679 2353 luna
717 2291 904 2349 solaque
937 2293 985 2336 in
1016 2306 1105 2336 usu
1137 2293 1208 2336 sit.
1271 2291 1425 2349 Atque
1456 2290 1544 2336 hoc
1576 2292 1757 2348 quidem

206 2366 258 2405 ut
289 2377 426 2418 quam
457 2377 562 2406 vere
589 2364 841 2406 iudicatum
863 2363 922 2405 sit
943 2363 1108 2406 clarius
1131 2363 1443 2418 perspiciatur,
1476 2364 1756 2405 coniunctio-

206 2447 318 2477 num
351 2433 602 2477 causalium
635 2436 929 2489 conspectum
961 2447 1188 2490 apponere
1220 2433 1373 2478 liceat:

301 2562 328 2607 ¹)
355 2563 462 2596 Haec
489 2566 547 2596 est
566 2561 702 2596 eadem
720 2562 829 2604 ratio,
855 2572 973 2605 quam
994 2562 1035 2597 O.
1055 2562 1221 2596 Mueller
1240 2562 1319 2605 (Gr.
1338 2562 1427 2597 Litt.
1446 2562 1497 2605 Π,
1516 2561 1632 2605 1365)
1652 2562 1757 2606 apud

205 2623 324 2657 Thuc.
343 2622 479 2655 laudat
497 2621 558 2654 his
576 2621 726 2654 verbis:
747 2621 813 2663 „In
828 2621 897 2654 der
915 2621 1244 2663 „absteigenden“
1263 2622 1439 2663 Gattung
1452 2609 1758 2655 motiv'ierender

206 2682 319 2716 Satze
350 2684 448 2715 setzt
474 2690 516 2714 er
542 2679 605 2714 die
630 2678 861 2722 Handlung‚
887 2679 956 2713 das
975 2680 1154 2714 Resultat
1179 2690 1304 2713 voran
1330 2679 1413 2713 und
1438 2679 1534 2713 liisst
1559 2680 1757 2714 unmittel-

205 2741 276 2773 bar
315 2738 356 2773 in
388 2740 673 2772 Kausals'zitzen
714 2737 807 2771 oder
837 2739 1075 2781 Partizipien
1109 2739 1171 2771 die
1204 2738 1394 2772 nachsten
1427 2738 1630 2772 Ursachen
1664 2738 1758 2772 oder

204 2799 351 2832 Motive
378 2798 545 2840 folgen.“
