1963 3126
862 207 1100 245 -32-

209 314 291 362 est,
323 311 433 354 item
464 310 540 354 hic
572 313 639 366 (ου’
666 311 743 355 vel
763 312 853 355 alia
874 312 1119 366 negatione
1140 313 1411 368 praemissa)
1444 313 1539 354 οὐδὲ
1559 312 1608 354 in
1628 325 1763 354 usum

207 380 363 424 venire
393 381 615 425 videmus.
676 380 828 425 Huius
852 381 1031 435 generis
1054 386 1163 426 sunt
1183 384 1209 426 I
1231 381 1330 434 275
1353 413 1362 423 .
1376 413 1385 422 .
1399 413 1408 422 .
1423 382 1504 424 οὐτ’
1527 382 1767 438 ἀνθρώπους

208 450 462 510 αἰσχυνθεῖσα
506 452 619 493 οὐδὲ
658 452 841 501 ὃεὲσασας
885 452 924 494 V
960 449 1105 502 9,3-4;
1146 451 1317 504 22,6-7;
1353 450 1473 502 45,2;
1511 449 1613 502 87,4
1636 465 1677 479 =
1701 451 1763 493 VI

206 520 299 577 4,2;
344 520 438 565 huc
474 522 672 579 pertinet
709 522 846 565 etiam
877 522 915 565 V
946 520 1047 573 93AE
1082 522 1209 579 μηδὲν
1325 520 1479 563 ἀνόσιον
1517 520 1764 578 εἰργασμένῳ

203 593 313 650 μηδ’.
334 627 367 635 ..
401 591 622 650 ἠσεβηκότι.
677 590 865 635 Codices
898 592 1083 648 quidem
1117 593 1412 649 suppeditant
1439 592 1543 649 μήτ’,
1573 591 1653 634 sed
1675 590 1764 634 hoc

206 663 354 706 iustae
400 662 765 718 interpretationi
810 665 1048 717 repugnat.
1124 661 1285 718 Itaque
1332 661 1533 705 Frankio
1581 664 1763 705 auctore

207 731 418 775 Blassius
453 732 595 788 probe
627 733 824 775 restituit
849 734 962 791 μηδ’,
995 733 1067 776 cui
1097 732 1281 775 lectioni
1313 734 1451 776 etiam
1481 731 1568 775 hac
1588 732 1763 787 propri-

209 805 329 844 etate
365 815 594 858 perpensa
631 806 753 845 certa
784 802 966 845 additur
995 801 1121 845 fides.
1183 801 1293 846 Alia
1324 806 1505 846 exstant
1535 803 1596 845 vl
1624 801 1696 853 42
1720 817 1761 830 =

207 870 251 914 V
273 871 397 923 87,4;
440 872 557 923 19‚2;
589 872 690 924 245
714 887 756 901 =
779 871 900 923 32‚5;
934 872 1055 924 37‚6;
1085 872 1200 924 469.
1265 872 1425 928 Neque
1456 873 1606 916 minus
1627 872 1675 914 in
1697 875 1763 914 te-

208 940 326 985 trall.
351 943 403 985 II
421 959 447 983 α
463 941 556 994 4,6;
583 943 609 983 ὃ
629 941 771 994 3,3-4;
793 941 885 994 7,5;
907 944 986 986 III
1007 943 1040 996 β
1058 941 1150 994 3‚4;
1173 941 1316 995 8‚5-6;
1342 961 1366 998 r
1387 943 1557 996 11,2-3;
1580 944 1606 984 ὃ
1624 941 1759 994 4,4-5.

825 1302 1013 1345 οὕτέ-
1034 1304 1155 1345 οὔτε.

333 1396 393 1440 Ut
425 1399 619 1452 καὶ-καὶἑ
641 1396 713 1451 (cf.
732 1411 776 1453 p.
801 1396 891 1448 20),
924 1398 987 1441 Sic
1020 1397 1159 1441 etiam
1191 1397 1434 1439 οὕτε-οὔτε
1467 1398 1760 1455 (μήτε-μήτε)

207 1468 256 1510 in
298 1480 465 1520 genere
510 1466 775 1509 cumulandi
819 1471 1083 1522 usurpatur,
1128 1471 1370 1521 utrumque
1412 1462 1566 1509 tamen
1603 1467 1760 1517 rarius,

209 1535 261 1580 cf.
295 1538 321 1580 I
358 1535 458 1587 27]
492 1536 584 1594 μήτ’
622 1536 761 1586 αἰδοῦς
789 1536 881 1594 μήτ’
920 1536 1031 1578 ἐλέου
1063 1537 1155 1594 μήτ’
1194 1537 1394 1595 αἰσχύνης
1442 1536 1539 1579 Sim.
1575 1536 1610 1578 V
1640 1535 1761 1587 44,4;

208 1608 270 1650 VI
305 1606 532 1658 lai-2:
568 1606 737 1658 17‚4-5;
769 1607 818 1649 in
850 1606 1013 1650 tetrall.
1047 1609 1099 1650 II
1131 1624 1157 1648 α
1189 1605 1279 1658 9,8;
1311 1608 1344 1660 β
1375 1606 1493 1657 12‚3;
1526 1607 1604 1649 III
1638 1623 1662 1659 γ
1690 1605 1760 1657 52

209 1681 252 1720 et
284 1676 330 1727 8;
362 1677 651 1720 simillimum
681 1676 740 1720 ib.
775 1675 918 1728 6,8-9;
949 1678 1015 1720 Iv
1036 1678 1068 1731 β
1097 1676 1179 1728 22.

327 1770 382 1813 In
426 1770 501 1812 his
544 1773 596 1812 ut
638 1771 686 1812 in
731 1770 831 1812 aliis
868 1770 1101 1825 particulis
1139 1772 1257 1812 inter
1294 1783 1341 1812 se
1379 1769 1760 1824 respondentibus

209 1841 432 1885 deseritur
467 1841 698 1884 interdum
735 1839 953 1884 inchoata
991 1843 1235 1891 structura,
1279 1840 1344 1883 ita
1381 1843 1432 1882 ut
1470 1838 1762 1882 anacoluthia

209 1911 435 1966 quaedam
468 1910 645 1953 existat.
713 1908 850 1952 Velut
881 1911 918 1952 V
949 1909 1005 1953 95
1045 1910 1264 1966 scriptum
1302 1909 1513 1952 videmus
1546 1908 1652 1950 οὔτε
1685 1911 1761 1966 γὰρ

245 2016 251 2023 .
278 2016 285 2023 .
311 1982 381 2022 ἐὰν
412 1981 465 2022 δὲ
495 1982 576 2031 >cah
610 1978 843 2023 simillime
874 1981 926 2023 II
958 1998 984 2021 α
1016 1979 1101 2023 7-8
1133 1980 1240 2023 οὔτε
1274 1982 1351 2037 γὰρ
1386 2015 1393 2022 .
1420 2015 1427 2023 .
1455 2014 1463 2022 .
1497 1981 1531 2021 εἷ
1561 1980 1612 2021 δὲ
1643 1981 1759 2031 mil).

207 2052 259 2094 ΙΙ
291 2067 318 2092 α
348 2050 378 2093 4
409 2050 764 2104 argumentatio,
802 2063 916 2106 quae
955 2050 1013 2093 ab
1051 2050 1140 2092 οὔτε
1173 2052 1250 2108 γὰρ
1281 2050 1460 2105 incipit,
1500 2049 1763 2104 producitur

207 2120 443 2176 particulis
475 2123 523 2163 οὐ
549 2123 627 2178 μὴν
658 2122 754 2163 οὐδὲ
786 2157 794 2164 .
821 2157 828 2164 .
856 2157 864 2163 .
899 2122 994 2163 οὐδὲ
1019 2123 1097 2179 μὴν
1128 2123 1224 2164 ου’ὃὲ
1257 2157 1265 2164 .
1291 2157 1298 2164 .
1326 2156 1333 2164 .
1369 2120 1464 2162 ου’ὃὲ
1490 2120 1577 2176 μὴν.
1639 2120 1675 2161 V
1705 2118 1761 2162 76

207 2190 464 2235 membrum
496 2190 553 2234 ab
593 2190 683 2233 οὔτε
714 2191 938 2247 incipiens
972 2191 1197 2246 excipitur
1228 2188 1404 2234 voculis
1436 2192 1551 2231 τοῦτο
1584 2190 1629 2231 ὃὲ
1660 2203 1762 2232 cum

207 2262 394 2305 notione
426 2262 644 2315 negativa
676 2264 897 2312 ἀδυνάτωςς
929 2261 1018 2304 hac
1049 2262 1345 2315 neglegentia
1376 2264 1613 2315 perspecta
1645 2261 1681 2302 V
1706 2260 1760 2303 57

208 2330 389 2385 Ignatio
423 2335 466 2375 et
498 2332 658 2375 editori
690 2330 1030 2387 Petropolitano
1064 2330 1318 2386 adstipulor
1341 2330 1548 2373 codicum
1571 2330 1762 2384 scriptu-

208 2415 306 2444 ram
338 2400 429 2444 οὔτε
462 2403 540 2459 γὰρ
570 2402 753 2445 retineri
783 2401 1061 2445 iubentibus.

305 2779 333 2822 1)
362 2779 425 2812 Sic
451 2788 541 2811 cum
567 2778 723 2820 Ignatio
749 2781 885 2811 contra
910 2777 1107 2811 Blassium
1134 2777 1251 2811 scribi
1278 2776 1409 2809 velim.
