1963 3126
867 209 1103 248 —20-

212 315 377 358 vincia.
443 313 584 358 Velut
615 318 798 358 exstant
830 314 1042 370 exempla

601 386 651 429 in
683 400 743 429 or.
891 385 913 429 I
974 385 1146 443 (31§§)
1181 423 1188 430 .
1226 422 1241 430 ..
1269 422 1277 430 .
1341 385 1366 429 5

614 481 634 486 -
707 481 726 486 -
867 455 911 497 V
973 455 1049 509 (96
1068 456 1146 512 ἐξ)
1183 491 1190 499 .
1226 492 1233 499 .
1269 492 1277 500 .
1341 456 1367 498 7

613 551 634 556 -
706 550 726 556 -
845 523 911 568 VI
974 524 1047 579 (51
1068 525 1146 582 ἓξ)
1183 561 1190 569 .
1226 562 1233 569 .
1270 562 1277 569 .
1315 525 1365 568 11

613 622 632 626 -
708 622 728 626 -
778 594 914 638 11-1V
947 596 1051 650 (117
1071 596 1148 652 ἓξ)
1183 632 1190 639 .
1227 633 1234 640 .
1270 632 1278 640 .
1343 596 1380 640 5.

331 689 471 734 Cuius
511 690 575 734 rei
614 703 753 734 causa
790 690 839 733 in
877 703 928 733 eo
966 690 1118 746 posita
1155 693 1243 743 est,
1282 690 1403 747 quod
1439 690 1498 742 ei,
1537 703 1564 734 a
1595 689 1762 746 quibus

210 760 534 804 Rhamnusius
568 760 780 816 exempla
802 761 1025 804 sermonis
1047 762 1200 814 graeci
1221 765 1422 817 repetere
1443 761 1603 817 potuit,
1635 760 1765 804 illam

212 832 578 876 coniunctionem
602 836 681 875 aut
701 830 828 875 nullo
851 835 930 875 aut
951 845 1086 887 parco
1109 846 1197 875 usu
1214 835 1486 888 receperant.
1531 830 1764 875 Paulatim

211 903 396 946 demum
417 901 505 946 hoc
527 916 672 956 genus
694 901 937 953 increbuit,
960 902 1008 944 id
1031 902 1151 958 quod
1174 902 1267 945 iam
1285 903 1408 958 apud
1426 901 1764 958 Antiphontem

210 973 363 1028 ipsum
401 987 649 1028 possumus
689 973 1063 1016 animadvertere.
1128 972 1313 1016 Etenim
1351 973 1492 1016 oratio
1524 971 1610 1024 VI,
1648 986 1764 1028 quae

212 1043 397 1098 quidem
436 1042 600 1085 ultima
637 1046 681 1085 et
721 1041 988 1095 diligentius
1020 1042 1163 1098 polita
1194 1043 1272 1095 sit,
1311 1055 1586 1098 quamquam
1617 1055 1764 1098 paene

212 1114 403 1156 dimidio
435 1112 617 1156 brevior
648 1117 717 1156 est
748 1126 885 1169 quam
916 1112 974 1164 V,
1008 1116 1164 1156 tamen
1196 1127 1337 1168 prope
1370 1112 1562 1156 alterum
1584 1117 1763 1156 tantum

211 1182 526 1238 exemplorum
556 1197 799 1227 numerum
831 1182 1029 1227 exhibet.

327 1265 424 1309 Iam
463 1279 570 1309 vero
605 1264 777 1322 duplex
809 1268 871 1307 καὶ
900 1266 965 1309 ita
996 1266 1105 1321 poni
1138 1265 1273 1317 solet,
1311 1269 1362 1308 ut
1393 1279 1444 1309 eo
1475 1265 1684 1309 notiones
1716 1266 1764 1308 Vi

210 1350 262 1379 ac
293 1340 459 1379 natura
490 1336 607 1378 inter
639 1349 687 1378 se
721 1336 1031 1390 discrepantes
1054 1335 1327 1388 colligentur
1342 1338 1386 1389 ¹).
1440 1335 1515 1378 Ab
1547 1335 1635 1378 hac
1661 1336 1762 1388 lege
1799 1374 1804 1378 .

210 1411 434 1449 oratorem
470 1409 677 1449 nostrum
708 1406 881 1461 passim
914 1404 1156 1449 abhorrere
1177 1406 1400 1449 videmus.
1454 1404 1575 1449 Nam
1595 1406 1763 1448 mirum

208 1477 256 1518 in
287 1477 477 1519 modum
507 1476 743 1530 coniungit
765 1489 817 1518 ea
838 1476 993 1526 verba,
1017 1489 1131 1531 quae
1153 1477 1277 1518 idem
1298 1476 1371 1519 vel
1395 1475 1629 1519 consimile
1652 1476 1762 1531 quid

210 1545 487 1600 significant.
543 1545 671 1599 Quae
703 1546 957 1602 proprietas
990 1545 1149 1602 procul
1171 1545 1309 1589 dubio
1334 1544 1544 1589 cohaeret
1566 1559 1668 1589 cum
1690 1559 1762 1589 so-

209 1616 409 1671 phistica
447 1617 647 1671 quadam
679 1616 874 1663 ratione
914 1630 1003 1670 qua
1033 1615 1352 1658 Rhamnusius
1385 1629 1516 1659 suam
1549 1617 1762 1671 cuiusque

208 1687 333 1730 vocis
366 1687 600 1730 notionem
633 1686 794 1729 acriter
816 1699 1020 1741 premere
1043 1686 1209 1737 studet,
1241 1689 1293 1728 ut
1313 1685 1497 1739 gravior
1517 1683 1598 1729 fiat
1620 1686 1761 1729 oratio

207 1758 499 1813 iudicumque
524 1757 702 1800 animos
724 1755 1042 1799 vehementius
1065 1760 1363 1800 commoveat.
1407 1755 1634 1811 Exempla
1655 1770 1761 1800 vero

208 1827 322 1871 haec
358 1828 532 1871 inveni:
567 1829 591 1871 I
624 1827 650 1871 3
683 1830 739 1877 ὡς
768 1829 840 1868 καὶ
872 1828 951 1881 ἐγὼ
980 1829 1053 1868 καὶ
1073 1829 1096 1884 ἣ
1120 1825 1256 1885 γραφὴ
1277 1827 1400 1881 λέγεις
1422 1825 1478 1870 23
1501 1828 1563 1868 καὶ
1584 1827 1763 1869 δικασταὶ

208 1899 401 1951 ἐγένεσθε
440 1900 514 1939 καὶ
545 1898 753 1955 ἐκλήθητες
792 1898 828 1939 V
859 1897 886 1940 7
920 1899 993 1938 καὶ
1024 1898 1193 1953 νομιζαως
1222 1898 1297 1938 καὶ
1328 1897 1459 1946 ὁσίως;
1492 1896 1547 1940 32
1579 1899 1652 1938 καὶ
1681 1898 1761 1951 βα-

207 1970 386 2010 σανισταὶ
418 1970 480 2009 καὶ
510 1969 739 2026 ἐπιτςιιηταὶ;
772 1967 825 2011 91
861 1969 934 2009 καὶ
964 1969 1067 2024 ὀργῇ
1093 1968 1373 2026 χρησαμένους
1401 1969 1474 2009 καὶ
1505 1968 1674 2025 διαβολῇ
1706 1984 1759 2010 πι-

209 2040 416 2095 θομένουςς
454 2039 517 2081 VI
552 2038 607 2082 lO
643 2040 716 2080 καὶ
746 2040 834 2080 ὅσια
867 2040 939 2079 καὶ
970 2038 1117 2089 ὃίκαια;
1157 2037 1209 2081 51
1245 2040 1319 2079 καὶ
1349 2040 1450 2094 ὑμᾶς
1478 2038 1626 2088 εἰδότες
1654 2040 1759 2080 εὐσε-

206 2110 430 2163 βεστάτους
476 2113 551 2149 τῶν
595 2108 780 2166 Ἑλλήνιον
829 2108 1020 2158 δικαστὰς
1060 2110 1133 2149 καὶ
1176 2109 1459 2157 δικαιοτάτους,
1503 2108 1551 2150 in
1594 2107 1760 2163 quibus

207 2180 410 2222 notanda
448 2182 516 2222 est
537 2177 785 2232 singularis
807 2177 1053 2222 verborum
1075 2177 1323 2222 collocatio.
1377 2176 1473 2221 Nec
1494 2191 1601 2222 vero
1622 2182 1761 2222 tetra-

206 2249 352 2304 logias
384 2248 472 2292 hoc
504 2247 672 2292 subtile
699 2262 849 2303 genus
873 2262 1058 2304 prorsus
1082 2247 1252 2292 deficit:
1276 2249 1327 2292 II
1349 2265 1375 2290 α
1400 2248 1420 2291 1
1446 2250 1518 2291 καὶ
1541 2250 1761 2308 γνωσθῆναι

207 2323 280 2362 καὶ
301 2322 548 2379 ἐλεγχθῆναι,
577 2334 660 2364 nec
681 2334 774 2363 non
795 2321 859 2363 IV
882 2337 906 2374 γ
920 2319 946 2363 6
970 2322 1042 2361 καὶ
1063 2324 1185 2362 ταῦτα
1207 2322 1281 2361 καὶ
1301 2319 1356 2361 ἔτι
1377 2321 1522 2361 τούτων
1543 2321 1758 2377 δεινότερα.

325 2389 573 2446 Reliquum
606 2395 686 2442 est,
719 2394 770 2433 ut
801 2403 949 2446 pauca
985 2391 1040 2434 de
1072 2391 1348 2447 proprietate
1381 2391 1576 2446 quadam
1609 2404 1668 2434 or.
1694 2389 1760 2434 VI

207 2474 446 2517 exponam.
495 2460 694 2504 Exstant
716 2461 838 2504 enim
859 2460 1072 2504 nonnulli
1092 2460 1194 2512 loci,
1226 2460 1392 2516 quibus
1415 2475 1495 2517 per
1517 2461 1760 2504 abundan—

205 2532 318 2574 tiam
350 2533 535 2573 καὶ-καὶ
566 2530 817 2586 particulae
839 2532 1143 2586 praemissum
1166 2532 1374 2588 ἀμφύτερα
1397 2532 1643 2587 excipiunt.
1695 2530 1760 2574 Ut

206 2603 426 2657 seriptum
458 2602 668 2644 Videmus
699 2602 762 2645 VI
794 2601 851 2645 20
882 2602 989 2649 ἄξιον
1021 2600 1057 2643 δ’
1090 2602 1379 2659 ἐνθυμηθῆναι,
1418 2603 1451 2643 ὦ
1483 2602 1644 2658 ἄνδρες,
1677 2603 1757 2657 ἀμ-

205 2674 388 2729 φότερα
420 2674 494 2713 καὶ
525 2677 594 2729 τῆς
625 2674 780 2729 γνώμης
808 2677 884 2713 τῶν
916 2673 1119 2714 ἀντιδίκων
1150 2674 1223 2714 καὶ
1244 2673 1317 2728 οἵῳ
1339 2673 1475 2730 τρόπῳ
1497 2671 1679 2730 ἔρχονται
1700 2674 1760 2714 ἐπὶ

301 2790 328 2833 1)
355 2790 401 2824 cf.
428 2790 619 2824 Kuehner
643 2790 667 2823 1.
685 2790 710 2824 l.
727 2800 764 2833 p.
784 2789 906 2832 793‚1;
924 2790 1042 2834 Pape,
1060 2789 1416 2825 Griech.-Deutsch.
1435 2790 1530 2824 Lex.
1548 2788 1581 2823 1²
1598 2799 1634 2833 p.
1656 2789 1757 2824 1177.
