1963 3126
855 184 999 223 -14
1039 207 1099 214 -.

196 290 360 345 οὐδεμία
392 291 636 341 ὑπελείπετο;
669 290 843 342 34,6-7;
875 289 1041 342 48‚6-7.
1097 289 1276 343 Quibus
1309 289 1529 346 exemplis
1562 290 1618 333 de
1649 303 1750 333 meo
1814 326 1822 333 .

196 358 453 402 addiderim
496 360 532 402 V
570 359 722 412 ΒΘΑ-5
762 360 877 410 οὗτος
912 360 958 418 ἦν
995 362 1017 400 ὁ
1056 361 1234 411 πεισθεὶς
1268 363 1341 403 ὑπὸ
1379 361 1526 402 τούτων
1563 362 1625 402 καὶ
1664 376 1749 402 κατ-

195 430 436 486 εψευσμένος
463 432 579 487 ἐμοῦς
610 429 785 482 41,5-6;
818 431 880 474 VI
913 430 1003 482 5.,2;
1037 430 1211 483 26,4-5;
1243 431 1408 483 43,3-4.

313 534 558 580 Praeterea
583 550 636 580 ea
658 536 909 589 enuntiata,
941 549 1136 593 quorum
1157 550 1302 581 unum
1324 537 1515 581 alterum
1538 534 1749 593 explicat,

194 607 296 662 pari
326 606 427 651 loco
459 611 704 662 ponuntur.
760 606 1125 651 Brinkmannius
1161 607 1295 651 affert
1322 609 1358 651 V
1379 607 1552 660 33‚4-5;
1576 606 1748 659 36‚3-4;

194 677 316 729 40‚3;
354 677 476 729 46,6;
515 678 577 721 VI
616 677 759 729 4‚2—3;
798 677 890 729 7,8;
923 677 1043 730 28‚4;
1082 677 1203 729 36,6;
1236 678 1408 730 41,5-6;
1440 677 1541 730 462
1573 676 1646 732 (cf.
1681 676 1750 720 III
1792 717 1797 723 .

198 765 221 801 γ
254 747 415 802 11,10).
479 747 615 791 Addo
652 750 678 791 I
709 748 780 800 7,3
819 749 1055 806 ἀπελογήθη
1087 751 1149 790 καὶ
1180 750 1440 800 ἀντέσπευόες
1474 747 1572 800 295
1600 749 1747 806 μαρτύ-

190 835 329 875 ρονται
366 821 428 860 καὶ
464 820 618 872 λέγουσι
657 822 702 862 et
739 818 971 862 simillime
1009 817 1111 869 3OA
1150 821 1417 861 ἐπικαλοῦνται
1450 821 1660 876 μάρτυρας
1688 821 1749 860 καὶ

195 890 394 947 δηλώσω
426 890 463 932 V
493 888 616 941 46‚8;
650 890 713 932 VI
744 888 835 940 823
868 888 989 944 9,10;
1025 887 1196 940 18‚1-2;
1229 888 1349 942 22‚1;
1383 889 1504 941 26,7;
1534 888 1650 941 345.

311 992 475 1049 Neque
512 1007 620 1036 vero
659 1007 686 1037 a
726 993 1159 1046 declamationibus,
1208 995 1421 1050 quamvis
1458 995 1562 1037 talis
1600 994 1748 1038 abun—

194 1064 355 1106 dantia
394 1064 575 1107 dicendi
610 1064 659 1106 in
691 1077 850 1107 earum
881 1077 1091 1120 pressam
1123 1068 1167 1107 et
1199 1064 1523 1108 adumbratam
1555 1063 1748 1108 formam

192 1134 347 1176 minus
379 1134 637 1184 conveniat,
674 1133 796 1177 hanc
827 1135 1051 1177 rationem
1083 1134 1245 1177 abesse
1276 1133 1350 1177 his
1382 1133 1602 1190 exemplis
1625 1148 1746 1177 com-

191 1203 430 1259 probatur:
470 1205 549 1247 IH
581 1205 613 1257 β
641 1203 765 1255 2,l-2
802 1206 876 1246 ὑπὸ
916 1205 962 1246 δὲ
998 1206 1176 1262 σκληρᾶς
1211 1206 1385 1262 ἀνάγκης
1418 1206 1652 1260 βιαζόμενος
1686 1206 1747 1246 καὶ

192 1276 311 1323 αὐτὸς
345 1275 402 1323 εἷς
436 1276 500 1315 τὸν
538 1274 727 1331 ὑμέτερον
763 1274 897 1316 ἔλεον.
915 1306 950 1315 ..
988 1276 1297 1330 καταπεφευγὼς
1325 1275 1465 1330 δέομαι
1496 1276 1620 1330 ὑμῶνς
1652 1274 1744 1325 4,3;

194 1360 219 1397 γ
250 1343 397 1395 11,1Ο;
430 1344 494 1386 IV
525 1344 557 1397 β
588 1342 720 1395 1,6-7.

310 1447 365 1492 In
387 1447 474 1492 hoc
495 1461 663 1502 genere
685 1452 839 1493 autem
860 1449 1060 1492 maxime
1082 1449 1199 1492 mira
1216 1452 1342 1492 sunt:
1366 1447 1387 1491 I
1405 1448 1505 1501 293
1524 1447 1741 1501 etV52A.

191 1517 214 1562 I
246 1518 346 1571 293
380 1520 503 1562 enim
536 1522 686 1563 exstat
716 1521 786 1561 ἐὰν
812 1521 885 1576 μὲν
917 1520 1106 1561 δύνωνται
1137 1522 1199 1561 καὶ
1218 1520 1402 1577 φθάνωσι
1424 1522 1510 1578 πρὶν
1531 1521 1745 1563 ἀποθανεῖν

190 1603 273 1645 pro
306 1589 512 1644 legitimo
545 1591 735 1632 δύνωνται
765 1591 943 1647 φθάνειν.
996 1589 1096 1634 Hoc
1127 1590 1242 1633 mihi
1275 1591 1413 1634 etiam
1434 1591 1584 1644 magis
1607 1604 1744 1647 quam

192 1662 342 1702 cetera
374 1660 433 1702 ad
465 1660 682 1703 cotidiani
713 1660 938 1704 sermonis
969 1659 1203 1703 licentiam
1233 1661 1461 1716 pertinere
1492 1659 1671 1703 videtur
1702 1663 1745 1703 et

189 1728 331 1785 probe
369 1728 561 1772 conferri
590 1732 742 1786 potest
774 1743 879 1773 cum
899 1728 974 1773 his
997 1729 1256 1773 vernaculis
1278 1729 1606 1773 locutionibus:
1644 1727 1745 1781 „Sei

190 1813 240 1842 so
282 1797 540 1842 freundlich
577 1800 684 1842 und
721 1799 918 1853 begleite
956 1798 1130 1851 mich“,
1169 1798 1263 1843 vel:
1301 1798 1409 1850 „Ich
1439 1799 1590 1842 werde
1620 1797 1745 1842 mich

188 1867 334 1912 hiiten
364 1870 474 1912 und
495 1869 581 1912 mit
602 1869 671 1913 dir
692 1870 924 1921 streiten“‚
956 1867 1029 1912 vel
1053 1869 1154 1912 aliis
1177 1869 1415 1920 eiusmodi,
1447 1868 1565 1912 inter
1587 1868 1743 1925 quales

190 1939 442 1983 sententias
468 1953 524 1983 ex
543 1943 667 1983 recta
684 1940 920 1993 cogitandi
937 1939 1111 1983 ratione
1128 1940 1340 1982 artiorem
1356 1939 1744 1982 necessitudinem

189 2010 467 2053 intercedere
504 2023 640 2053 nemo
680 2013 748 2053 est
780 2010 892 2065 quin
923 2008 1174 2062 intellegat.
1238 2008 1399 2064 Neque
1432 2008 1562 2052 aliter
1592 2022 1663 2052 res
1696 2023 1743 2052 se

188 2079 332 2124 habet
368 2081 417 2123 in
453 2079 498 2123 V
530 2080 646 2132 52‚4,
677 2079 756 2124 ubi
787 2080 954 2123 rectius
985 2079 1178 2124 verbum
1210 2079 1418 2137 εζογασται
1450 2079 1744 2134 suspenditur

189 2162 245 2192 ex
276 2149 423 2208 συνῄδη
455 2149 527 2205 (cf.
561 2163 605 2206 p.
632 2150 719 2205 13).

308 2254 556 2298 Simillima
592 2255 770 2297 ratione
809 2255 898 2297 duo
936 2254 1247 2306 substantiva,
1287 2268 1405 2310 quae
1436 2268 1582 2296 unum
1614 2253 1743 2297 alteri

188 2324 515 2379 Subiungenda
546 2328 670 2376 sunt,
700 2324 766 2367 ita
796 2327 849 2367 ut
878 2338 1019 2367 unam
1051 2322 1253 2368 efficiant
1283 2324 1533 2375 notionem,
1571 2325 1633 2365 καὶ
1662 2338 1742 2367 vo-

189 2395 293 2437 cula
324 2396 443 2437 inter
475 2408 524 2438 se
556 2398 873 2446 conectuntur;
907 2394 1095 2438 subesse
1123 2395 1264 2448 igitur
1287 2394 1469 2437 videtur
1490 2391 1641 2447 figura
1661 2393 1742 2437 illa

192 2465 260 2515 ,,ἓν
291 2465 357 2506 διὰ
390 2465 521 2507 δυοῖνθί
558 2478 673 2520 quae
705 2468 906 2510 vocatur.
960 2463 1101 2509 Velut
1132 2466 1168 2508 V
1200 2463 1300 2516 25‚6
1324 2479 1367 2493 =
1390 2464 1453 2506 VI
1483 2462 1636 2515 235-ss
1664 2477 1741 2507 ex—

189 2538 282 2578 stat
312 2537 355 2577 τὸ
388 2535 538 2593 ἀληθὲς
566 2537 628 2577 καὶ
658 2538 701 2577 τὸ
736 2537 955 2593 γενόμενον,
990 2536 1113 2592 quod
1137 2533 1252 2578 nihil
1275 2535 1367 2577 nisi
1389 2536 1433 2575 τὸ
1456 2534 1636 2591 ἀληθῶς
1662 2551 1738 2589 γεν.

187 2604 417 2660 (Ignatius
457 2618 553 2662 cap.
579 2604 685 2649 374:
723 2619 819 2657 „res
850 2619 955 2649 vere
986 2607 1204 2660 gestas“)‚
1235 2619 1317 2661 pro
1351 2617 1440 2660 quo
1473 2604 1586 2648 alias
1619 2608 1663 2648 et
1692 2605 1741 2648 in

188 2675 469 2719 orationibus
510 2679 555 2719 et
585 2675 858 2730 tetralogiis:
891 2679 914 2734 ἡ
946 2677 1115 2735 ἀλήθεια
1146 2681 1222 2718 τῶν
1254 2675 1514 2734 πραχθέντων
1543 2674 1620 2718 vel
1649 2675 1741 2719 tale

188 2746 318 2802 quid,
357 2745 409 2790 cf.
443 2747 496 2790 II
528 2747 555 2788 δ
587 2745 676 2797 1,4;
708 2747 787 2789 ΠΙ
818 2747 850 2800 β
879 2745 971 2798 3,7;
1006 2745 1125 2798 10‚1;
1159 2763 1184 2800 γ
1213 2745 1333 2797 3‚10;
1364 2746 1390 2788 I
1424 2744 1541 2797 13‚2;
1573 2745 1672 2798 7-8;
1704 2747 1741 2790 V
