1963 3126
847 189 1084 228 -50-

191 290 471 338 Graecorum
503 295 619 338 ratio
653 308 706 338 ea
738 299 818 345 est,
850 298 900 337 ut
925 295 999 351 μὲν
1030 297 1075 338 et
1105 294 1152 336 δὲ
1182 293 1252 345 iis,
1288 307 1405 350 quae
1436 293 1525 337 sibi
1556 307 1745 349 respon-

191 363 316 415 dent,
348 363 587 407 vocabulis
618 363 901 408 subiciantur
932 367 1066 419 atque
1098 363 1163 406 ita
1194 363 1393 419 quidem,
1428 367 1478 406 ut
1509 364 1746 408 occasione

190 434 299 477 data
331 434 392 477 ad
423 434 666 477 articulum
698 438 776 476 aut
805 433 1191 489 praepositionem
1223 432 1529 488 applicentur;
1568 447 1655 488 quo
1688 433 1746 476 ab

190 518 281 548 usu
314 508 475 560 poetas
505 504 733 548 interdum
754 503 962 547 recedere
985 506 1164 547 constat
1176 504 1221 557 ¹).
1271 502 1423 559 Atque
1446 501 1613 546 horum
1633 502 1747 546 libe·
1831 542 1833 544 ,

191 575 359 618 riorem
382 573 759 618 consuetudinem
781 573 919 616 etiam
941 572 1283 629 Antiphontem
1306 571 1431 616 haud
1453 573 1613 628 paucis
1635 572 1746 616 locis

191 645 361 688 imitari
401 645 623 688 videmus.
686 642 826 704 Velut
863 642 1050 687 insolita
1080 644 1127 687 in
1160 645 1266 687 sede
1298 644 1493 699 reperies
1520 645 1595 700 μὲν
1626 645 1671 687 et
1702 645 1748 686 δὲ

192 716 228 757 V
260 714 317 757 22
348 716 388 756 ἐν
418 715 454 771 ᾦ
479 716 667 770 μὲν-εἷς
695 715 717 754 ὃ
749 715 813 763 ὃὲ;
848 713 906 756 45
938 715 979 755 ἐν
1010 717 1055 771 τῇ
1089 716 1137 771 γῇ
1159 715 1251 769 μὲνς
1284 714 1346 757 VI
1375 713 1434 756 42
1465 716 1532 772 τὴν
1562 714 1669 771 δίκην
1690 715 1748 755 δὲ.

192 783 264 828 Ita
303 789 353 827 ut
383 785 585 827 varietur
616 784 758 826 oratio
792 785 827 826 V
858 783 916 826 28
948 785 988 825 ἐν
1015 785 1089 839 μὲν
1120 784 1156 840 ᾧ
1177 785 1296 825 -ἐν
1326 784 1362 840 ᾦ
1393 784 1459 835 ὃὲς
1492 785 1544 827 11
1575 784 1608 837 β
1635 782 1662 827 3
1694 786 1751 833 ὡς

192 856 317 896 δεινὸν
343 855 417 909 μὲν
435 879 488 883 -
508 856 565 904 ὡς
599 854 637 895 δ’
668 854 830 912 ἠλίθιον.

308 934 549 979 Praeterea
571 949 673 978 eam
696 939 844 979 orator
865 936 1106 979 committit
1124 935 1479 991 neglegentiam,
1501 939 1552 979 ut
1568 937 1748 992 μὲν-δὲ

190 1020 283 1049 11011
321 1005 511 1049 vocibus
550 1005 841 1061 comparibus
880 1007 1121 1060 adiungat:
1163 1008 1201 1050 V
1231 1006 1289 1050 45
1321 1008 1439 1064 ἐν’τῇ
1473 1009 1522 1064 γῇ
1548 1007 1621 1063 μὲν
1652 1008 1745 1048 ἀπο-

191 1077 397 1126 θανόντος,
436 1076 683 1131 ἐνὶ-(θεμένου
721 1077 768 1118 δὲ
805 1079 861 1126 εἷς
895 1079 938 1118 τὸ
971 1079 1120 1127 πλοῖὀν;
1157 1077 1220 1120 VI
1250 1076 1308 1120 42
1345 1076 1427 1119 ἔδει
1461 1078 1535 1133 μὲν
1568 1078 1644 1134 γὰρ
1676 1108 1685 1117 .
1707 1108 1716 1116 .
1738 1107 1748 1116 .

190 1150 295 1204 τρεῖς
324 1147 581 1204 προδικασίας
609 1150 765 1205 ποιῆσαι
795 1172 853 1177 -
885 1149 951 1205 τὴν
982 1147 1090 1205 δίκην
1121 1147 1178 1188 δὲ.
1227 1145 1470 1191 Simillime
1502 1147 1550 1190 in
1581 1146 1743 1190 tetrall.

189 1219 241 1260 II
272 1218 304 1270 β
337 1216 486 1268 11,4-5
521 1221 563 1259 et
594 1218 660 1259 IV
681 1217 714 1270 β
742 1216 877 1267 7,3-4.

282 1486 370 1541 μὴν,
407 1501 450 1537 γε
477 1486 565 1541 μὴν,
599 1486 740 1534 ού(ὂὲ)
769 1487 858 1541 μὴν,
892 1486 938 1526 οὐ
965 1487 1042 1542 μὴν
1074 1486 1186 1531 ἀλλὰ,
1220 1486 1318 1525 ἀλλὰ
1345 1487 1434 1542 μὴν,
1468 1487 1530 1526 καὶ
1556 1487 1651 1542 μὴνς

813 1578 958 1632 μέντοι,
993 1577 1124 1619 καίτοι.

309 1670 407 1732 Has
438 1670 688 1727 particulas
721 1671 1037 1714 adversativas
1069 1670 1267 1714 breviter
1289 1685 1342 1714 ac
1363 1672 1627 1714 summatim
1648 1685 1746 1714 mo-

192 1742 397 1785 nendum
429 1745 498 1785 est
529 1741 577 1784 in
609 1740 914 1796 Antiphontis
946 1741 1104 1785 sedate
1128 1741 1368 1786 incedente
1390 1745 1434 1786 et
1453 1755 1618 1798 parum
1640 1742 1747 1785 arti-

191 1810 350 1855 ficiosa
381 1813 584 1855 oratione
625 1815 704 1854 aut
734 1825 835 1855 raro
868 1815 947 1855 aut
979 1813 1164 1855 omnino
1196 1825 1290 1856 non
1321 1813 1543 1868 usurpari.
1607 1811 1775 1855 Velut·

191 1881 360 1925 frustra
392 1882 672 1937 quaesiveris
708 1898 751 1935 γε
776 1884 865 1939 μὴν,
899 1883 945 1923 οὐ
972 1884 1050 1939 μὴν
1081 1884 1194 1930 ἀλλὰ,
1228 1884 1326 1924 ἀλλὰ
1353 1885 1441 1941 μὴν.
1493 1881 1748 1926 Scitissime

192 1952 247 1995 de
279 1953 357 2011 μὴν
395 1953 582 2008 eiusque
623 1951 886 2007 compositis
925 1952 1137 1996 disseruit
1168 1951 1490 2008 Dittenberger
1521 1951 1577 1996 V.
1610 1951 1666 1996 D.
1700 1953 1748 1996 in

191 2021 345 2065 Herm.
370 2021 488 2065 XVI
520 2036 562 2077 p.
587 2022 693 2066 329:
743 2021 855 2072 „Bei
887 2023 966 2065 der
997 2022 1190 2065 altesten
1224 2021 1501 2066 Generation
1532 2023 1611 2065 der
1642 2023 1748 2065 atti—

192 2090 334 2136 schen
377 2091 624 2137 Prosaiker
669 2094 729 2136 ist
776 2093 855 2137 der
900 2091 1146 2138 Gebrauch
1189 2094 1268 2138 der
1310 2093 1515 2138 Partikel
1554 2095 1631 2152 μὴν
1675 2093 1748 2136 6111

193 2166 395 2207 ausscrst
443 2176 712 2220 sparsamer.
799 2162 855 2206 In
903 2164 1008 2207 dem
1056 2163 1251 2207 altesten
1297 2163 1616 2215 Prosawerke,
1671 2163 1749 2206 der

188 2234 401 2292 Ἀθηναίων
433 2235 616 2282 πολιτεία,
647 2234 829 2277 kommt
861 2233 1061 2277 dieselbe
1093 2233 1356 2291 iiberhaupt
1385 2248 1469 2289 gar
1499 2233 1628 2277 nicht
1653 2247 1747 2285 vor,

194 2304 360 2348 cbcnso
392 2304 545 2358 wenig
581 2305 629 2347 in
663 2305 752 2347 den
784 2303 948 2348 echten
980 2303 1141 2348 Reden
1175 2305 1254 2348 des
1285 2305 1483 2356 Andoc.;
1520 2305 1569 2347 in
1601 2304 1747 2347 denen

194 2375 274 2417 des
307 2373 500 2429 Antiph.
535 2373 694 2417 finden
726 2373 827 2417 sich
859 2374 899 2425 5,
931 2374 1005 2417 bei
1037 2374 1178 2418 Thuc.
1212 2389 1299 2418 nur
1330 2375 1357 2419 9
1379 2373 1620 2430 Beispiele,
1652 2375 1748 2417 und

194 2457 315 2487 zwar
360 2442 482 2487 steht
527 2444 600 2487 dic
637 2443 844 2488 Partikel
888 2444 937 2487 in
979 2437 1352 2488 unmittclbarem
1388 2441 1651 2488 Anschluss
1689 2446 1748 2487 an

193 2517 256 2556 καὶ
291 2514 388 2557 und
428 2516 475 2556 οὐ
507 2516 690 2572 (καὶμὴν
722 2514 830 2557 Ant.
864 2515 900 2557 V
931 2514 990 2558 44
1023 2514 1182 2570 [biS!];
1221 2515 1297 2566 91;
1336 2517 1398 2556 καὶ
1423 2516 1635 2572 μὴν-γε
1673 2513 1748 2564 283

193 2584 253 2627 44
285 2585 370 2640 [?];
416 2583 492 2635 92;
532 2586 594 2625 καὶ
626 2587 703 2642 μὴν
740 2587 802 2626 καὶ
833 2583 975 2628 Thuc.
1016 2585 1037 2627 Ι
1068 2585 1146 2636 7ος
1185 2584 1230 2628 ΙΙ
1261 2584 1337 2636 38;
1375 2583 1443 2627 III
1473 2583 1549 2634 823
1586 2586 1749 2643 καὶμὴν

193 2656 288 2697 οὐδὲ
319 2654 340 2697 Ι
363 2653 410 2705 3;
444 2653 523 2705 82;
551 2654 595 2697 II
617 2654 693 2704 97;
725 2653 788 2697 VI
812 2655 899 2709 55).
948 2653 1162 2698 Diesclbe
1183 2655 1243 2698 ist
1265 2654 1363 2698 also
1385 2654 1434 2696 in
1455 2653 1534 2696 der
1555 2652 1748 2698 {iltesten

290 2761 315 2800 1)
344 2760 390 2794 ef.
416 2760 594 2802 Madvig,
620 2760 684 2794 1.1.
706 2760 728 2803 ξ
749 2760 815 2793 184
842 2761 957 2795 Anm.
979 2762 1009 2794 1.
