1963 3126
861 186 1100 225 *26—

205 294 371 334 natura
406 289 554 346 ipsius
586 307 628 333 τε
658 288 910 346 particulae
941 291 1070 335 codd.
1104 290 1214 336 fidei
1245 290 1413 343 obstat;
1446 305 1500 336 ea
1531 292 1672 344 enim,
1710 296 1761 336 ut

205 373 345 416 supra
376 360 688 417 exposuimus,
721 365 790 405 θεῖ
816 361 930 404 ratio
952 359 1090 405 huius
1113 362 1315 411 voculae,
1347 364 1399 404 ut
1420 362 1656 405 enuntiata
1677 362 1760 406 ad-

205 434 460 484 nectantur,
492 438 611 488 quae
641 447 743 476 cum
765 433 1046 488 praegressis
1068 433 1417 478 necessitudinis
1439 434 1638 489 quodam
1658 434 1760 477 vin-

206 500 308 545 culo
340 502 583 564 coniuncta
615 506 735 546 sunt.
790 501 889 546 Hoc
920 508 1074 547 autem
1100 502 1201 547 loco
1224 517 1408 559 prorsus
1430 517 1602 547 novum
1624 516 1760 557 argu—

205 575 415 616 mentum
436 571 640 624 infertur,
663 573 783 629 quod
801 587 903 617 cum
921 574 1223 628 praecedente
1239 575 1364 617 nullo
1381 574 1517 617 modo
1535 572 1757 618 cohaeret.

206 641 413 695 Accedit,
447 644 567 699 quod
599 644 647 686 in
678 643 766 687 hoc
797 657 962 699 genere
995 645 1041 686 δὲ
1072 645 1345 700 particulam
1376 643 1590 688 adhibere
1613 648 1762 688 orator

205 713 254 755 in
287 713 459 757 deliciis
491 712 644 757 habet.
706 713 865 770 Itaque
897 715 940 756 οἵ
964 730 1011 756 τε
1041 714 1090 757 in
1121 717 1157 756 οἱ
1189 716 1235 757 δὲ
1266 715 1583 769 corrigendum
1615 719 1693 758 θεῖ.

878 1001 926 1027 τε
949 1012 1003 1016 -
1027 1002 1086 1035 τε,

324 1094 367 1119 τε
389 1103 444 1109 —
467 1095 509 1120 τε
547 1077 798 1133 particulas
836 1079 1078 1134 praecipue
1116 1079 1240 1134 apud
1276 1083 1435 1134 poetas
1468 1093 1566 1123 θεεθ
1596 1079 1644 1122 in
1675 1093 1761 1122 usu

206 1148 317 1191 satis
350 1152 548 1201 constat,
587 1162 691 1192 cum
724 1149 847 1204 apud
879 1149 1113 1204 pedestres
1145 1149 1388 1204 scriptores
1421 1163 1578 1193 earum
1608 1148 1759 1193 locum

205 1235 248 1261 τε
281 1221 382 1273 (καὶ)
404 1235 459 1251 -’-
483 1222 546 1262 καὶ
583 1220 842 1263 coniunctio
881 1219 1087 1263 obtineat
1100 1221 1144 1274 l).
1209 1219 1308 1263 Iam
1346 1220 1384 1263 si
1421 1219 1760 1276 Antiphontem

206 1302 284 1333 eas
317 1290 653 1346 quodammodo
684 1289 734 1333 in
767 1289 941 1334 deliciis
972 1289 1142 1334 habere
1174 1290 1398 1342 videmus,
1435 1290 1485 1332 in
1516 1289 1759 1346 propatulo

206 1363 276 1403 est
306 1360 446 1404 etiam
476 1358 565 1404 hac
588 1373 644 1404 ex
664 1364 793 1417 parte
816 1374 920 1405 eum
943 1360 1141 1417 amplius
1164 1373 1392 1417 quoquam
1419 1366 1520 1411 „abu
1542 1364 1617 1419 πρὸ
1640 1363 1760 1404 αὐτοῦ

206 1433 269 1473 καὶ
289 1435 366 1472 τῶν
387 1435 556 1489 ποιητῶν
571 1433 771 1486 μάλιστα“
798 1431 1173 1474 consuetudinem
1197 1444 1295 1474 esse
1318 1430 1596 1486 amplexum.
1650 1430 1761 1474 Post

207 1500 305 1544 eius
338 1504 494 1544 autem
524 1501 792 1544 memoriam
816 1501 985 1544 sensim
1007 1501 1424 1556 pedetemptimque
1445 1500 1521 1544 hic
1542 1515 1652 1544 usus
1674 1502 1760 1544 im-

205 1571 410 1613 minutus
449 1574 536 1622 est,
574 1571 640 1614 ita
676 1575 726 1614 ut
764 1572 889 1626 apud
920 1569 1300 1631 Demosthenem·
1312 1570 1428 1614 nihil
1461 1571 1552 1614 fere
1573 1571 1661 1614 nisi
1692 1573 1760 1613 ἐάν

205 1656 248 1682 τε
271 1665 324 1670 -
349 1641 418 1682 ἐάν
449 1656 491 1682 τε
522 1640 850 1695 remanserit2).
904 1640 1060 1696 Atque
1090 1639 1273 1683 illorum
1303 1641 1488 1696 quidem
1510 1641 1760 1696 priscorum

204 1711 253 1753 in
283 1711 474 1753 modum
505 1709 825 1754 Rhamnusius
858 1714 902 1754 et
932 1709 1143 1763 singulas
1175 1724 1309 1754 voces
1343 1715 1386 1754 et
1407 1715 1504 1754 tota
1525 1711 1761 1754 enuntiata

206 1785 421 1824 eorumve
442 1780 651 1824 membra
671 1780 761 1824 illis
783 1780 1020 1836 particulis
1043 1781 1319 1835 coniungere
1335 1781 1460 1825 solet.
1506 1780 1596 1824 Sed
1612 1781 1760 1836 prius-

206 1864 344 1906 quam
381 1852 747 1907 progrediamur,
788 1851 1022 1907 paulisper
1058 1851 1406 1895 subsistendum
1445 1855 1524 1895 θεῖ.
1588 1850 1760 1894 Mirum

206 1926 274 1964 θεῖ
290 1921 426 1974 enim,
444 1926 616 1978 quanto
633 1921 900 1976 tetralogiae
915 1922 1193 1965 orationibus
1203 1926 1439 1978 praestent
1448 1920 1760 1977 exemplorum

204 1991 472 2048 frequentia.
537 1992 829 2049 Quamquam
867 2007 977 2037 cave
1014 2007 1072 2037 ne
1104 1994 1214 2049 quid
1246 2006 1485 2049 perperam
1516 1992 1622 2035 inde
1654 2006 1760 2036 con-

206 2062 377 2107 cludas.
440 2062 568 2108 Haec
613 2064 734 2108 enim
781 2064 829 2107 in
876 2064 1296 2120 antiquissimorum
1334 2063 1460 2107 libris
1501 2063 1760 2106 discrimina

204 2147 394 2178 manare
425 2135 718 2191 perspicuum
750 2140 818 2178 est
848 2148 904 2178 ex
924 2139 1088 2178 natura
1110 2139 1154 2178 et
1175 2134 1341 2186 indole,
1374 2147 1464 2190 qua
1486 2137 1581 2177 erat
1602 2132 1761 2187 lingua

205 2204 486 2261 temporibus
515 2204 619 2249 illis.
674 2204 838 2258 Quam,
862 2219 965 2252 cum
987 2204 1264 2249 adolesceret
1285 2209 1383 2249 tum
1406 2204 1604 2255 demum,
1637 2204 1760 2248 omni

207 2288 262 2318 ex
293 2279 421 2331 parte
454 2276 552 2319 sive
582 2276 631 2319 in
662 2290 709 2319 re
740 2276 1040 2330 grammatica
1072 2276 1168 2319 sive
1200 2276 1247 2318 in
1278 2274 1521 2319 verborum
1542 2289 1625 2317 usu
1648 2273 1760 2319 fluc-

205 2349 334 2389 tuare
371 2346 601 2399 videmus,
638 2349 861 2403 tanquam
893 2345 1307 2398 adulescentulum,
1347 2345 1424 2402 qui
1454 2345 1551 2402 ipse
1583 2358 1759 2402 quoque

206 2420 305 2459 tum
327 2417 526 2469 demum,
549 2431 652 2460 cum
674 2417 985 2461 adulescentia
1001 2417 1236 2469 deferbuit,
1259 2420 1404 2461 certas
1422 2417 1544 2459 vitae
1561 2416 1759 2464 rationes

207 2488 422 2545 sequitur.
481 2487 641 2545 Itaque
673 2502 730 2533 ne
751 2488 1054 2545 Antiphontis
1078 2489 1261 2545 quidem
1283 2487 1582 2532 elocutionem
1603 2486 1760 2531 incon—

303 2595 330 2639 1)
358 2595 405 2629 cf.
433 2595 608 2639 Spengel
633 2595 706 2630 Rh.
725 2595 824 2629 Mus.
847 2595 901 2638 17,
921 2595 1005 2630 167:
1046 2595 1137 2638 „Die
1156 2594 1424 2636 Verbindung
1451 2593 1520 2627 der
1536 2594 1650 2636 posit.
1668 2595 1760 2628 Par-

206 2655 334 2689 tikeln
360 2667 504 2688 τε-τε
528 2655 579 2688 ist
603 2655 673 2688 der
690 2658 754 2688 att.
774 2655 947 2697 Sprache
966 2654 1075 2688 nicht
1092 2655 1339 2694 unbekannt,
1365 2653 1459 2686 aber
1476 2653 1532 2686 sie
1549 2654 1599 2686 ist
1617 2654 1760 2687 ebenso

207 2714 332 2747 selten
358 2713 432 2747 wie
455 2712 547 2757 jene
574 2713 646 2747 mit
670 2713 826 2747 τε-καὶ
852 2713 1027 2756 gelaufig
1052 2712 1135 2746 und
1160 2711 1455 2755 regelmassig“.

302 2771 331 2816 ²)
359 2772 405 2806 cf.
433 2772 555 2814 Fuhr,
580 2773 757 2806 Excurse
784 2783 833 2806 zu
860 2772 895 2805 d.
923 2775 987 2806 att.
1014 2772 1202 2807 Rednern
1229 2771 1302 2806 Rh.
1329 2771 1430 2804 Mus.
1457 2771 1512 2812 33,
1536 2780 1573 2813 p.
1593 2770 1661 2805 595
1687 2781 1743 2814 sq.
