1963 3126
858 242 1090 280 -47-

195 347 244 390 in
275 348 423 403 scirpo
456 360 670 404 quaerere
700 345 816 389 mihi
846 346 1074 398 videntur,
1105 347 1184 403 qui
1214 345 1327 389 10015
1359 345 1635 402 quibusdam
1658 359 1744 389 110-

197 418 303 461 dam
341 417 416 475 μὲν
458 416 732 475 particulam
775 417 960 460 nonnisi
1003 416 1341 460 adversati-vam
1387 430 1484 460 esse
1523 420 1745 461 conantur

195 488 397 545 probare.
448 488 509 531 Et
541 489 602 531 ad
632 487 755 531 hanc
787 487 986 544 quidem,
1019 501 1156 543 qua-m
1186 488 1323 531 modo
1354 486 1549 543 professi
1569 502 1744 539 sumus,

196 559 472 604 sententiam
516 558 842 603 stabiliendam
884 559 1085 602 maxime
1121 558 1340 602 idoneum
1378 557 1639 614 exemplum
1677 562 1745 602 est

195 631 232 672 V
263 630 290 674 9
329 633 391 672 καὶ
428 633 484 680 ὡς
512 629 600 685 μὲν
636 632 683 672 οὐ
721 631 941 686 κακοῦργός
968 632 1043 685 εἶμι
1074 630 1162 672 οὐδ’
1194 629 1333 687 ἔνοχος
1362 661 1371 669 .
1396 660 1405 670 .
1430 661 1460 677 .,
1499 631 1608 672 αὐτοὶ
1638 631 1745 672 οὗτοι

197 701 334 742 τούτου
368 717 411 753 γε
436 701 641 756 μάρτυρες
671 700 903 757 γεγένηνται.
966 698 1186 743 Eiusdem
1217 699 1395 754 generis
1427 703 1534 742 sunt
1564 700 1600 742 V
1621 698 1742 751 36,l;

197 768 293 821 37,l
311 770 354 824 l).
418 767 593 812 Eodem
631 767 783 812 referri
814 767 955 812 velim
986 769 1048 812 VI
1080 768 1153 822 22)
1186 771 1248 810 καὶ
1278 769 1369 818 τοὺς
1391 767 1481 824 μὲν
1513 769 1654 824 νόμους

197 841 336 889 πάντες
364 840 412 880 ἂν
443 840 683 881 ἐπαινέσειαν
714 841 899 885 κάλλιστα
930 840 1058 895 νόμων
1079 840 1255 890 κεῖσθαις
1286 839 1384 882 loco
1409 838 1605 893 gemello
1628 838 1670 881 V
1692 840 1744 882 14

197 909 318 953 0111111
351 913 502 953 exstat
533 910 623 960 τούς
654 926 697 964 γε
728 910 878 966 νόμους.
930 908 1121 954 Constat
1151 914 1305 953 autem
1332 912 1411 968 μὴν
1434 913 1478 953 et
1501 926 1544 964 γε
1576 923 1744 964 cogna-

196 981 318 1024 tione
350 981 550 1036 quadam
583 993 680 1023 esse
714 981 955 1024 coniuncta
986 984 1120 1036 atque
1147 981 1212 1024 ita
1233 981 1433 1037 quidem,
1465 984 1517 1023 ut
1532 983 1609 1039 μὴν
1630 979 1744 1037 (μὲν)

197 1052 256 1095 ad
286 1054 405 1095 totas
438 1051 789 1103 enuntiationes,
825 1068 868 1105 re
890 1052 949 1094 ad
969 1054 1121 1107 partes
1145 1065 1300 1106 earum
1321 1051 1594 1107 premendas
1617 1064 1744 1107 spec-

196 1125 279 1173 tet,
319 1120 370 1164 cf.
413 1120 466 1164 G.
507 1120 744 1165 Hermann
782 1122 840 1164 ad
869 1119 975 1175 Vig.
1017 1119 1238 1164 idiotismi
1276 1122 1343 1164 ed.
1383 1120 1449 1164 IV
1488 1125 1530 1176 p.
1570 1120 1657 1164 822
1702 1125 1746 1164 et

197 1190 375 1235 Bauml.
410 1192 437 1234 1.
471 1192 498 1235 1.
534 1206 576 1247 p.
611 1191 679 1235 53.
749 1190 908 1235 Altero
946 1192 1085 1245 igitur
1116 1191 1219 1235 >loco
1257 1195 1405 1235 totum
1443 1192 1743 1243 enuntiatum,

198 1261 338 1307 altero
370 1262 636 1319 primariam
665 1275 825 1305 vocem
856 1274 1050 1316 urguere
1080 1261 1226 1306 voluit
1257 1265 1417 1306 orator.

314 1344 369 1387 In
399 1343 564 1387 tetrall.
598 1357 705 1387 vero
736 1343 850 1387 haec
882 1347 1063 1387 exstant
1093 1345 1173 1387 ΙΙΙ
1206 1361 1231 1398 r
1261 1344 1349 1395 1,1;
1380 1345 1443 1388 lv
1475 1362 1501 1386 α
1535 1345 1622 1396 1,1;
1660 1358 1744 1388 nec

198 1428 328 1457 secus
360 1415 392 1468 β
421 1414 493 1464 2,4
531 1417 595 1455 τὸν
627 1444 636 1454 .
665 1444 674 1453 .
703 1444 712 1455 .
749 1414 924 1470 ἄρξαντα
955 1445 964 1454 .
994 1445 1003 1453 .
1033 1444 1061 1460 .,
1102 1415 1136 1454 εἶ
1160 1412 1235 1469 μὲν
1266 1444 1275 1454 .
1304 1444 1313 1453 .
1342 1445 1352 1453 .
1382 1416 1582 1472 ἠμυνάμην
1613 1415 1742 1462 αὐτόν,

197 1485 353 1542 ἠδίκουν
379 1482 467 1540 μὲν
498 1484 585 1526 οὐδ’
619 1484 744 1533 οὕτως
773 1487 835 1538 (=
864 1481 991 1526 hatte
1022 1482 1098 1525 ich
1119 1482 1384 1527 wahrlich
1406 1483 1524 1526 auch
1545 1498 1594 1527 so
1616 1483 1744 1526 nicht

196 1553 392 1597 unrccht
422 1553 629 1608 gethan).

316 1623 415 1667 Iam
446 1637 566 1666 unus
598 1626 747 1666 restat·
769 1624 911 1674 locus,
944 1624 999 1666 de
1031 1637 1118 1679 quo
1150 1623 1383 1679 hucusque
1414 1623 1616 1666 virorum
1638 1623 1744 1666 doc-

198 1698 346 1738 torum
378 1693 628 1737 sententiae
660 1694 709 1736 in
731 1693 1066 1736 diversissimas
1089 1697 1242 1749 partes
1266 1693 1454 1754 abeunt3
1487 1706 1572 1736 nos
1593 1693 1745 1737 lucem

198 1764 357 1807 afferre
395 1778 651 1819 possumus
725 1763 950 1807 Exaratur
987 1764 1114 1807 codd.
1155 1766 1181 1808 I
1217 1763 1309 1807 8-9
1347 1796 1356 1804 .
1384 1796 1394 1804 .
1421 1795 1430 1804 .
1468 1763 1537 1807 οὐκ
1574 1765 1746 1822 ἠθέλησε

197 1839 337 1891 σαφῶς
371 1834 574 1876 πυθέσθαι
611 1835 706 1889 ἐμοῦ
743 1834 948 1883 ἐθέλοντος
983 1836 1028 1890 τῇ
1060 1834 1283 1889 δικαιοτάτῃ
1319 1834 1487 1889 βασάνῳ
1513 1835 1747 1892 χρήσασθαι

198 1906 287 1959 περὶ
318 1905 456 1945 τούτου
487 1907 555 1944 τοῦ
588 1905 832 1958 πράγματοςς
864 1906 977 1944 τοῦτο
1004 1901 1079 1958 μὲν
1110 1905 1187 1959 γὰρ
1209 1905 1510 1960 ἠθελήσαμεν
1531 1905 1578 1945 τὰ
1600 1905 1746 1946 τούτων

198 1973 433 2030 ἀνδράποδα
470 1973 680 2027 βασανίσαι
717 2004 726 2013 .
753 2004 763 2013 .
791 2004 799 2013 .
837 1973 1082 2026 βασανιστάς
1116 1988 1157 2014 τε
1194 1971 1338 2023 αὐτοὺς
1371 1974 1531 2023 τούτους
1569 1973 1745 2015 ἐκέλευον

200 2044 404 2097 γίγνεσθαι
446 2045 541 2099 ἐμοῦ
585 2044 786 2100 παρόντος.
864 2041 1125 2086 Genuinam
1172 2043 1442 2098 scripturam
1484 2044 1742 2101 ἠθελήσαμεν,

199 2128 301 2157 00111
331 2117 566 2158 accusator
587 2127 817 2169 nusquam
839 2103 952 2157 alias
974 2112 1143 2168 plurali
1163 2126 1351 2156 numero
1373 2117 1538 2165 utatur,
1570 2112 1742 2156 nullius

201 2198 298 2228 esse
328 2184 461 2241 pretii
491 2184 540 2227 in
572 2188 727 2240 aperto
760 2188 838 2227 cst.
892 2183 1051 2239 Itaque
1081 2184 1364 2235 recentiores,
1397 2182 1612 2227 Schaefer
1633 2184 1679 2237 (l.
1706 2197 1739 2227 c.

198 2268 240 2313 p.
265 2255 341 2308 32)
373 2254 680 2298 Jernstedtius
713 2253 920 2297 Blassius
952 2252 1159 2308 Ignatius
1193 2254 1239 2307 (l.
1271 2268 1304 2297 c.
1338 2268 1380 2310 p.
1409 2253 1560 2307 166s7›
1594 2258 1742 2297 muta-

199 2329 305 2366 runt
325 2326 373 2367 in
395 2326 571 2383 ἦθέλησα
588 2327 662 2381 μὲν
679 2324 880 2380 Sauppio
904 2324 1234 2379 adstipulantes
1258 2325 1575 2378 interpretanti
1591 2325 1741 2379 (epist.

201 2394 294 2437 crit.
328 2395 386 2438 ad
419 2393 472 2438 G.
506 2393 659 2438 Herm.
693 2409 735 2451 p.
760 2394 817 2438 28
849 2396 937 2451 sq.)
971 2408 1111 2450 aeque
1143 2397 1280 2450 atque
1312 2395 1359 2436 ἂν
1392 2398 1434 2438 et
1468 2411 1511 2449 γε
1541 2393 1611 2438 bis
1632 2395 1744 2450 poni

199 2462 320 2507 hanc
352 2467 444 2521 μὲν,
482 2466 547 2508 ita
584 2468 635 2508 ut
674 2466 899 2521 „primum
936 2466 995 2508 ad
1033 2468 1178 2508 totam
1208 2468 1385 2520 partem
1415 2465 1610 2520 priorem
1642 2478 1744 2508 sen-

295 2582 322 2625 1)
362 2583 546 2616 Schaefer
571 2584 594 2616 l.
621 2584 645 2616 1.
673 2584 714 2616 111
747 2584 980 2617 universum
1012 2583 1249 2617 Baumleinii
1280 2583 1470 2616 iudicium
1503 2583 1742 2625 amplectens

201 2638 284 2682 ipse
304 2650 460 2685 quoque
479 2642 583 2676 hunc
609 2653 725 2676 usum
744 2642 990 2677 Rhamnusio
1017 2642 1206 2685 assignat,
1231 2642 1409 2685 neglegit
1433 2645 1564 2675 tamen
1582 2642 1618 2675 V
1636 2641 1692 2682 37,
1712 2642 1741 2674 1.

293 2697 323 2741 ²)
361 2700 541 2743 Wetzell,
581 2702 718 2743 „Beitr.
757 2712 788 2734 z.
827 2701 941 2735 Gebr.
968 2701 1087 2743 einig.
1119 2702 1222 2738 Part.
1255 2701 1290 2734 b.
1323 2701 1436 2734 Ant.‘⁴
1475 2711 1511 2743 p.
1546 2701 1600 2741 12,
1638 2700 1742 2733 hunc

201 2764 316 2790 usum
348 2759 508 2793 nonnisi
539 2760 581 2794 in
613 2760 673 2793 III
703 2772 726 2804 γ
751 2759 790 2800 1;
821 2759 879 2793 IV
905 2772 927 2792 α
955 2759 971 2793 1
1006 2759 1210 2793 invenisse
1242 2759 1317 2793 sibi
1348 2758 1522 2799 videtum
1560 2758 1607 2791 de
1634 2758 1690 2791 VI
1721 2757 1741 2790 2

204 2812 305 2847 nihil
330 2815 546 2851 diiudicare
571 2818 698 2852 audet.
