<?xml version="1.0" encoding="UTF-8"?>
<!DOCTYPE html PUBLIC "-//W3C//DTD XHTML 1.0 Transitional//EN"
    "http://www.w3.org/TR/xhtml1/DTD/xhtml1-transitional.dtd">
<html xmlns="http://www.w3.org/1999/xhtml" xml:lang="en" lang="en">
 <head>
  <title>
</title>
<meta http-equiv="Content-Type" content="text/html;charset=utf-8" />
  <meta name='ocr-system' content='tesseract 3.04.00' />
  <meta name='ocr-capabilities' content='ocr_page ocr_carea ocr_par ocr_line ocrx_word'/>
</head>
<body>
  <div class='ocr_page' id='page_1' title='image "4738054_0031.png"; bbox 0 0 1963 3126; ppageno 0'>
   <div class='ocr_carea' id='block_1_1' title="bbox 871 181 1103 219">
    <p class='ocr_par' dir='ltr' id='par_1_1' title="bbox 871 181 1103 219">
     <span class='ocr_line' id='line_1_1' title="bbox 871 181 1103 219; baseline 0.004 -11"><span class='ocrx_word' id='word_1_1' title='bbox 871 181 1103 219; x_wconf 69' lang='lat'>-22-.</span> 
     </span>
    </p>
   </div>
   <div class='ocr_carea' id='block_1_2' title="bbox 213 285 1775 2805">
    <p class='ocr_par' dir='ltr' id='par_1_2' title="bbox 213 285 1775 2805">
     <span class='ocr_line' id='line_1_2' title="bbox 214 285 1770 345; baseline 0.003 -20"><span class='ocrx_word' id='word_1_2' title='bbox 214 285 496 343; x_wconf 68' lang='grc' dir='ltr'><em>αηχανωαένην</em></span> <span class='ocrx_word' id='word_1_3' title='bbox 516 286 743 342; x_wconf 77' lang='grc' dir='ltr'><em>φαρμάκοις</em></span> <span class='ocrx_word' id='word_1_4' title='bbox 762 286 823 326; x_wconf 82' lang='grc' dir='ltr'><em>καὶ</em></span> <span class='ocrx_word' id='word_1_5' title='bbox 844 287 909 327; x_wconf 79' lang='grc' dir='ltr'>τὸν</span> <span class='ocrx_word' id='word_1_6' title='bbox 931 285 1083 343; x_wconf 82' lang='grc' dir='ltr'><em>πατέρα</em></span> <span class='ocrx_word' id='word_1_7' title='bbox 1100 286 1287 344; x_wconf 75' lang='grc' dir='ltr'><em>εἰληφότα</em></span> <span class='ocrx_word' id='word_1_8' title='bbox 1303 286 1364 327; x_wconf 84' lang='grc' dir='ltr'>ἐπ’</span> <span class='ocrx_word' id='word_1_9' title='bbox 1382 287 1612 344; x_wconf 76' lang='grc' dir='ltr'><em>αὐτοφώρῳ</em></span> <span class='ocrx_word' id='word_1_10' title='bbox 1629 288 1770 345; x_wconf 82' lang='grc' dir='ltr'><em>ταύτην</em></span> 
     </span>
     <span class='ocr_line' id='line_1_3' title="bbox 213 355 1771 414; baseline 0.002 -17"><span class='ocrx_word' id='word_1_11' title='bbox 213 372 264 397; x_wconf 82' lang='grc' dir='ltr'><em>τε</em></span> <span class='ocrx_word' id='word_1_12' title='bbox 295 357 367 398; x_wconf 73' lang='grc' dir='ltr'><em>οὐκ</em></span> <span class='ocrx_word' id='word_1_13' title='bbox 386 356 508 398; x_wconf 77' lang='grc' dir='ltr'><em>οὖσαν</em></span> <span class='ocrx_word' id='word_1_14' title='bbox 530 356 720 413; x_wconf 82' lang='grc' dir='ltr'><em>ἄπαρνον,</em></span> <span class='ocrx_word' id='word_1_15' title='bbox 753 355 834 399; x_wconf 92' lang='lat' dir='ltr'>ubi</span> <span class='ocrx_word' id='word_1_16' title='bbox 853 370 935 412; x_wconf 92' lang='lat' dir='ltr'>pro</span> <span class='ocrx_word' id='word_1_17' title='bbox 958 357 1099 414; x_wconf 79' lang='grc' dir='ltr'><em>ταύτην</em></span> <span class='ocrx_word' id='word_1_18' title='bbox 1121 373 1162 399; x_wconf 86' lang='grc' dir='ltr'><em>τε</em></span> <span class='ocrx_word' id='word_1_19' title='bbox 1185 357 1458 400; x_wconf 81' lang='lat' dir='ltr'>recentiores</span> <span class='ocrx_word' id='word_1_20' title='bbox 1482 358 1771 413; x_wconf 80' lang='lat' dir='ltr'>scripsissent</span> 
     </span>
     <span class='ocr_line' id='line_1_4' title="bbox 214 425 1767 484; baseline 0.002 -18"><span class='ocrx_word' id='word_1_21' title='bbox 214 428 276 467; x_wconf 78' lang='grc' dir='ltr'><em>καὶ</em></span> <span class='ocrx_word' id='word_1_22' title='bbox 306 427 448 484; x_wconf 78' lang='grc' dir='ltr'><em>ταύτην</em></span> <span class='ocrx_word' id='word_1_23' title='bbox 464 447 511 461; x_wconf 67' lang='grc' dir='ltr'>Ξ</span> <span class='ocrx_word' id='word_1_24' title='bbox 531 427 652 476; x_wconf 81' lang='lat' dir='ltr'>„und</span> <span class='ocrx_word' id='word_1_25' title='bbox 675 432 844 476; x_wconf 76' lang='lat' dir='ltr'>zwar“;</span> <span class='ocrx_word' id='word_1_26' title='bbox 877 426 1009 469; x_wconf 88' lang='lat' dir='ltr'>aliter</span> <span class='ocrx_word' id='word_1_27' title='bbox 1029 426 1202 470; x_wconf 84' lang='lat' dir='ltr'>iudicat</span> <span class='ocrx_word' id='word_1_28' title='bbox 1223 425 1452 477; x_wconf 80' lang='lat' dir='ltr'>Schaefer‚</span> <span class='ocrx_word' id='word_1_29' title='bbox 1485 426 1540 469; x_wconf 90' lang='lat' dir='ltr'>de</span> <span class='ocrx_word' id='word_1_30' title='bbox 1561 425 1767 469; x_wconf 91' lang='lat' dir='ltr'>nonnull.</span> 
     </span>
     <span class='ocr_line' id='line_1_5' title="bbox 213 494 1771 552; baseline 0 -13"><span class='ocrx_word' id='word_1_31' title='bbox 213 496 369 551; x_wconf 86' lang='lat' dir='ltr'>partic.</span> <span class='ocrx_word' id='word_1_32' title='bbox 411 496 538 551; x_wconf 84' lang='lat' dir='ltr'>apud</span> <span class='ocrx_word' id='word_1_33' title='bbox 568 495 677 538; x_wconf 88' lang='lat' dir='ltr'>Ant.</span> <span class='ocrx_word' id='word_1_34' title='bbox 712 509 819 547; x_wconf 84' lang='grc'><strong>11511,</strong></span> <span class='ocrx_word' id='word_1_35' title='bbox 861 496 966 539; x_wconf 84' lang='grc'><strong>(1155.</strong></span> <span class='ocrx_word' id='word_1_36' title='bbox 1003 494 1124 539; x_wconf 86' lang='lat' dir='ltr'>Gott.</span> <span class='ocrx_word' id='word_1_37' title='bbox 1162 495 1290 548; x_wconf 80' lang='lat'>1877,</span> <span class='ocrx_word' id='word_1_38' title='bbox 1323 510 1365 552; x_wconf 90' lang='lat' dir='ltr'>p.</span> <span class='ocrx_word' id='word_1_39' title='bbox 1393 496 1458 540; x_wconf 89' lang='lat'>14.</span> <span class='ocrx_word' id='word_1_40' title='bbox 1529 495 1771 540; x_wconf 87' lang='lat' dir='ltr'>Praeterea</span> 
     </span>
     <span class='ocr_line' id='line_1_6' title="bbox 213 564 1771 624; baseline -0.001 -16"><span class='ocrx_word' id='word_1_41' title='bbox 213 565 234 608; x_wconf 91' lang='grc' dir='ltr'><strong>Ι</strong></span> <span class='ocrx_word' id='word_1_42' title='bbox 266 565 342 616; x_wconf 77' lang='grc'>26,</span> <span class='ocrx_word' id='word_1_43' title='bbox 382 579 576 621; x_wconf 91' lang='lat' dir='ltr'>quocum</span> <span class='ocrx_word' id='word_1_44' title='bbox 615 564 666 608; x_wconf 87' lang='lat' dir='ltr'>cf.</span> <span class='ocrx_word' id='word_1_45' title='bbox 701 564 855 607; x_wconf 93' lang='lat' dir='ltr'>locum</span> <span class='ocrx_word' id='word_1_46' title='bbox 895 564 1180 608; x_wconf 81' lang='lat' dir='ltr'>consimilem</span> <span class='ocrx_word' id='word_1_47' title='bbox 1211 565 1233 608; x_wconf 88' lang='grc' dir='ltr'><strong>Ι</strong></span> <span class='ocrx_word' id='word_1_48' title='bbox 1268 565 1333 608; x_wconf 84' lang='grc'>18.</span> <span class='ocrx_word' id='word_1_49' title='bbox 1402 567 1438 608; x_wconf 86' lang='lat' dir='ltr'><strong>V</strong></span> <span class='ocrx_word' id='word_1_50' title='bbox 1470 565 1527 609; x_wconf 76' lang='lat'>24</span> <span class='ocrx_word' id='word_1_51' title='bbox 1558 565 1693 624; x_wconf 76' lang='grc' dir='ltr'><em>ἐπειδὴ</em></span> <span class='ocrx_word' id='word_1_52' title='bbox 1726 567 1771 607; x_wconf 81' lang='grc' dir='ltr'>δὲ</span> 
     </span>
     <span class='ocr_line' id='line_1_7' title="bbox 214 635 1770 694; baseline 0.001 -18"><span class='ocrx_word' id='word_1_53' title='bbox 214 638 236 676; x_wconf 79' lang='grc' dir='ltr'><em>ὁ</em></span> <span class='ocrx_word' id='word_1_54' title='bbox 269 635 396 693; x_wconf 75' lang='grc' dir='ltr'><em>ἀνὴρ.</em></span> <span class='ocrx_word' id='word_1_55' title='bbox 414 667 449 677; x_wconf 92' lang='grc'>..</span> <span class='ocrx_word' id='word_1_56' title='bbox 483 636 688 692; x_wconf 73' lang='grc' dir='ltr'><em>ἐφαίνετο.</em></span> <span class='ocrx_word' id='word_1_57' title='bbox 706 667 715 676; x_wconf 95' lang='grc'><strong>.</strong></span> <span class='ocrx_word' id='word_1_58' title='bbox 733 667 763 683; x_wconf 87' lang='grc'>.,</span> <span class='ocrx_word' id='word_1_59' title='bbox 797 637 916 685; x_wconf 80' lang='grc' dir='ltr'><em>πλοῦς</em></span> <span class='ocrx_word' id='word_1_60' title='bbox 945 652 991 677; x_wconf 86' lang='grc' dir='ltr'><em>τε</em></span> <span class='ocrx_word' id='word_1_61' title='bbox 1022 637 1109 693; x_wconf 72' lang='grc' dir='ltr'><em>ἡμῖν</em></span> <span class='ocrx_word' id='word_1_62' title='bbox 1140 636 1325 689; x_wconf 69' lang='grc' dir='ltr'><em>ἐγίγνετο,</em></span> <span class='ocrx_word' id='word_1_63' title='bbox 1360 638 1422 678; x_wconf 77' lang='grc' dir='ltr'><em>καὶ</em></span> <span class='ocrx_word' id='word_1_64' title='bbox 1452 636 1572 677; x_wconf 80' lang='grc' dir='ltr'><em>τᾶλλα</em></span> <span class='ocrx_word' id='word_1_65' title='bbox 1604 637 1770 694; x_wconf 71' lang='grc' dir='ltr'><em>ἀνήγετο</em></span> 
     </span>
     <span class='ocr_line' id='line_1_8' title="bbox 215 704 1771 765; baseline 0.002 -18"><span class='ocrx_word' id='word_1_66' title='bbox 215 708 352 748; x_wconf 76' lang='grc' dir='ltr'><em>πλοῖα.</em></span> <span class='ocrx_word' id='word_1_67' title='bbox 370 738 379 747; x_wconf 95' lang='grc'><strong>.</strong></span> <span class='ocrx_word' id='word_1_68' title='bbox 396 738 421 755; x_wconf 85' lang='grc'>.,</span> <span class='ocrx_word' id='word_1_69' title='bbox 455 705 618 765; x_wconf 74' lang='grc' dir='ltr'><em>ᾠχόμην</em></span> <span class='ocrx_word' id='word_1_70' title='bbox 640 707 750 760; x_wconf 72' lang='grc' dir='ltr'>κάγὼ</span> <span class='ocrx_word' id='word_1_71' title='bbox 772 706 915 756; x_wconf 77' lang='grc' dir='ltr'><em>πλέων;</em></span> <span class='ocrx_word' id='word_1_72' title='bbox 947 704 1079 749; x_wconf 89' lang='lat' dir='ltr'>aliter</span> <span class='ocrx_word' id='word_1_73' title='bbox 1098 704 1309 760; x_wconf 84' lang='lat' dir='ltr'>Ignatius</span> <span class='ocrx_word' id='word_1_74' title='bbox 1334 706 1669 762; x_wconf 73' lang='lat' dir='ltr'>interpretatur,</span> <span class='ocrx_word' id='word_1_75' title='bbox 1692 706 1771 762; x_wconf 91' lang='lat' dir='ltr'>qui</span> 
     </span>
     <span class='ocr_line' id='line_1_9' title="bbox 214 775 1769 833; baseline -0.001 -15"><span class='ocrx_word' id='word_1_76' title='bbox 214 793 255 818; x_wconf 80' lang='grc' dir='ltr'><em>τε</em></span> <span class='ocrx_word' id='word_1_77' title='bbox 293 777 353 819; x_wconf 86' lang='lat' dir='ltr'>ad</span> <span class='ocrx_word' id='word_1_78' title='bbox 391 779 454 818; x_wconf 77' lang='grc' dir='ltr'><em>καὶ</em></span> <span class='ocrx_word' id='word_1_79' title='bbox 489 776 641 826; x_wconf 84' lang='lat' dir='ltr'>refert;</span> <span class='ocrx_word' id='word_1_80' title='bbox 684 789 923 833; x_wconf 86' lang='lat' dir='ltr'>perperam</span> <span class='ocrx_word' id='word_1_81' title='bbox 961 779 1011 819; x_wconf 91' lang='lat' dir='ltr'>ut</span> <span class='ocrx_word' id='word_1_82' title='bbox 1047 779 1170 832; x_wconf 91' lang='lat' dir='ltr'>puto.</span> <span class='ocrx_word' id='word_1_83' title='bbox 1240 775 1284 818; x_wconf 92' lang='lat' dir='ltr'>V</span> <span class='ocrx_word' id='word_1_84' title='bbox 1318 775 1373 819; x_wconf 81' lang='lat'>18</span> <span class='ocrx_word' id='word_1_85' title='bbox 1410 776 1621 819; x_wconf 80' lang='grc' dir='ltr'><em>...ἔπειτα</em></span> <span class='ocrx_word' id='word_1_86' title='bbox 1658 793 1769 818; x_wconf 81' lang='grc' dir='ltr'><em>κακο-</em></span> 
     </span>
     <span class='ocr_line' id='line_1_10' title="bbox 216 847 1770 906; baseline -0.001 -17"><span class='ocrx_word' id='word_1_87' title='bbox 216 848 357 889; x_wconf 91' lang='grc' dir='ltr'><em>παθεῖν</em></span> <span class='ocrx_word' id='word_1_88' title='bbox 388 851 446 904; x_wconf 78' lang='grc' dir='ltr'><em>τῷ</em></span> <span class='ocrx_word' id='word_1_89' title='bbox 477 850 640 903; x_wconf 83' lang='grc' dir='ltr'><em>σώματι,</em></span> <span class='ocrx_word' id='word_1_90' title='bbox 676 849 766 897; x_wconf 79' lang='grc' dir='ltr'><em>τούς</em></span> <span class='ocrx_word' id='word_1_91' title='bbox 795 864 841 889; x_wconf 89' lang='grc' dir='ltr'><em>τε</em></span> <span class='ocrx_word' id='word_1_92' title='bbox 868 848 1004 903; x_wconf 74' lang='grc' dir='ltr'><em>φίλους</em></span> <span class='ocrx_word' id='word_1_93' title='bbox 1022 847 1349 904; x_wconf 70' lang='grc' dir='ltr'><em>προθυμοτέρους</em></span> <span class='ocrx_word' id='word_1_94' title='bbox 1368 847 1471 906; x_wconf 71' lang='grc' dir='ltr'><em>ἔχειν</em></span> <span class='ocrx_word' id='word_1_95' title='bbox 1492 849 1583 897; x_wconf 79' lang='grc' dir='ltr'><em>τοὺς</em></span> <span class='ocrx_word' id='word_1_96' title='bbox 1601 849 1770 903; x_wconf 78' lang='grc' dir='ltr'><em>ἐμαυτοῦ</em></span> 
     </span>
     <span class='ocr_line' id='line_1_11' title="bbox 214 916 1770 976; baseline 0.001 -18"><span class='ocrx_word' id='word_1_97' title='bbox 214 919 351 960; x_wconf 79' lang='grc' dir='ltr'><strong><em>...ὂιά</em></strong></span> <span class='ocrx_word' id='word_1_98' title='bbox 383 917 452 976; x_wconf 81' lang='grc' dir='ltr'>τὴν</span> <span class='ocrx_word' id='word_1_99' title='bbox 483 922 551 959; x_wconf 85' lang='grc' dir='ltr'>τοῦ</span> <span class='ocrx_word' id='word_1_100' title='bbox 583 920 767 974; x_wconf 78' lang='grc' dir='ltr'><em>σώματος</em></span> <span class='ocrx_word' id='word_1_101' title='bbox 796 918 1082 961; x_wconf 76' lang='grc' dir='ltr'><em>κακοπάθειανῖ</em></span> <span class='ocrx_word' id='word_1_102' title='bbox 1127 918 1249 968; x_wconf 70' lang='lat' dir='ltr'>„und</span> <span class='ocrx_word' id='word_1_103' title='bbox 1288 930 1338 960; x_wconf 89' lang='lat' dir='ltr'>SO</span> <span class='ocrx_word' id='word_1_104' title='bbox 1375 918 1528 960; x_wconf 80' lang='lat' dir='ltr'>meine</span> <span class='ocrx_word' id='word_1_105' title='bbox 1559 916 1598 959; x_wconf 86' lang='lat' dir='ltr'><strong>F</strong></span> <span class='ocrx_word' id='word_1_106' title='bbox 1601 918 1770 960; x_wconf 83' lang='lat' dir='ltr'>reunde</span> 
     </span>
     <span class='ocr_line' id='line_1_12' title="bbox 214 986 1770 1043; baseline 0 -13"><span class='ocrx_word' id='word_1_107' title='bbox 214 987 553 1040; x_wconf 85' lang='lat' dir='ltr'>bereitwilliger</span> <span class='ocrx_word' id='word_1_108' title='bbox 589 1002 646 1031; x_wconf 87' lang='lat' dir='ltr'>zu</span> <span class='ocrx_word' id='word_1_109' title='bbox 683 986 844 1031; x_wconf 91' lang='lat' dir='ltr'>finden</span> <span class='ocrx_word' id='word_1_110' title='bbox 883 1023 891 1031; x_wconf 90' lang='lat'><strong>.</strong></span> <span class='ocrx_word' id='word_1_111' title='bbox 928 1023 935 1031; x_wconf 91' lang='lat'><strong>.</strong></span> <span class='ocrx_word' id='word_1_112' title='bbox 973 1023 979 1030; x_wconf 97' lang='lat'>.</span> <span class='ocrx_word' id='word_1_113' title='bbox 1021 987 1137 1030; x_wconf 91' lang='lat' dir='ltr'>eben</span> <span class='ocrx_word' id='word_1_114' title='bbox 1174 1001 1334 1041; x_wconf 86' lang='lat' dir='ltr'>wegen</span> <span class='ocrx_word' id='word_1_115' title='bbox 1371 988 1545 1030; x_wconf 90' lang='lat' dir='ltr'>meines</span> <span class='ocrx_word' id='word_1_116' title='bbox 1582 987 1770 1043; x_wconf 81' lang='lat' dir='ltr'>korper-</span> 
     </span>
     <span class='ocr_line' id='line_1_13' title="bbox 215 1056 1770 1113; baseline 0 -13"><span class='ocrx_word' id='word_1_117' title='bbox 215 1056 369 1100; x_wconf 86' lang='lat' dir='ltr'>lichen</span> <span class='ocrx_word' id='word_1_118' title='bbox 393 1057 635 1109; x_wconf 70' lang='lat' dir='ltr'>Leidens“,</span> <span class='ocrx_word' id='word_1_119' title='bbox 668 1071 758 1113; x_wconf 87' lang='lat' dir='ltr'>qua</span> <span class='ocrx_word' id='word_1_120' title='bbox 787 1071 842 1100; x_wconf 87' lang='lat' dir='ltr'>ex</span> <span class='ocrx_word' id='word_1_121' title='bbox 863 1058 1131 1113; x_wconf 78' lang='lat' dir='ltr'>repetitione</span> <span class='ocrx_word' id='word_1_122' title='bbox 1155 1056 1466 1111; x_wconf 89' lang='lat' dir='ltr'>colligendum</span> <span class='ocrx_word' id='word_1_123' title='bbox 1489 1070 1586 1100; x_wconf 91' lang='lat' dir='ltr'>esse</span> <span class='ocrx_word' id='word_1_124' title='bbox 1609 1070 1770 1100; x_wconf 87' lang='lat' dir='ltr'>censeo</span> 
     </span>
     <span class='ocr_line' id='line_1_14' title="bbox 215 1127 1771 1183; baseline -0.001 -12"><span class='ocrx_word' id='word_1_125' title='bbox 215 1128 303 1171; x_wconf 93' lang='lat' dir='ltr'>hoc</span> <span class='ocrx_word' id='word_1_126' title='bbox 337 1141 364 1170; x_wconf 90' lang='lat' dir='ltr'>a</span> <span class='ocrx_word' id='word_1_127' title='bbox 396 1129 487 1178; x_wconf 76' lang='grc' dir='ltr'><em>τούς</em></span> <span class='ocrx_word' id='word_1_128' title='bbox 516 1145 557 1170; x_wconf 77' lang='grc' dir='ltr'><em>τε</em></span> <span class='ocrx_word' id='word_1_129' title='bbox 590 1128 815 1183; x_wconf 86' lang='lat' dir='ltr'>incipiens</span> <span class='ocrx_word' id='word_1_130' title='bbox 849 1128 1136 1171; x_wconf 87' lang='lat' dir='ltr'>enuntiatum</span> <span class='ocrx_word' id='word_1_131' title='bbox 1173 1141 1266 1171; x_wconf 92' lang='lat' dir='ltr'>non</span> <span class='ocrx_word' id='word_1_132' title='bbox 1298 1127 1434 1183; x_wconf 92' lang='lat' dir='ltr'>plane</span> <span class='ocrx_word' id='word_1_133' title='bbox 1465 1140 1639 1170; x_wconf 90' lang='lat' dir='ltr'>novum</span> <span class='ocrx_word' id='word_1_134' title='bbox 1670 1140 1771 1170; x_wconf 87' lang='lat' dir='ltr'>esse</span> 
     </span>
     <span class='ocr_line' id='line_1_15' title="bbox 214 1198 1771 1255; baseline -0.001 -14"><span class='ocrx_word' id='word_1_135' title='bbox 214 1198 492 1250; x_wconf 74' lang='lat' dir='ltr'>membrum,</span> <span class='ocrx_word' id='word_1_136' title='bbox 531 1199 612 1242; x_wconf 89' lang='lat' dir='ltr'>sed</span> <span class='ocrx_word' id='word_1_137' title='bbox 643 1202 824 1241; x_wconf 88' lang='lat' dir='ltr'>tantum</span> <span class='ocrx_word' id='word_1_138' title='bbox 857 1198 1120 1254; x_wconf 85' lang='lat' dir='ltr'>explicandi</span> <span class='ocrx_word' id='word_1_139' title='bbox 1154 1212 1293 1241; x_wconf 85' lang='lat' dir='ltr'>causa</span> <span class='ocrx_word' id='word_1_140' title='bbox 1324 1199 1383 1241; x_wconf 86' lang='lat' dir='ltr'>ad</span> <span class='ocrx_word' id='word_1_141' title='bbox 1419 1198 1683 1248; x_wconf 48' lang='grc' dir='ltr'><em>,κακοπαθεῖν</em></span> <span class='ocrx_word' id='word_1_142' title='bbox 1714 1201 1771 1255; x_wconf 76' lang='grc' dir='ltr'><em>τῷ</em></span> 
     </span>
     <span class='ocr_line' id='line_1_16' title="bbox 216 1268 1771 1325; baseline 0 -14"><span class='ocrx_word' id='word_1_143' title='bbox 216 1272 365 1325; x_wconf 71' lang='grc' dir='ltr'><em>σώματι</em></span> <span class='ocrx_word' id='word_1_144' title='bbox 397 1269 663 1312; x_wconf 90' lang='lat' dir='ltr'>adiunctum</span> <span class='ocrx_word' id='word_1_145' title='bbox 697 1283 806 1312; x_wconf 88' lang='grc'><strong>6556.</strong></span> <span class='ocrx_word' id='word_1_146' title='bbox 856 1268 911 1311; x_wconf 89' lang='grc'>111</span> <span class='ocrx_word' id='word_1_147' title='bbox 935 1270 1094 1317; x_wconf 89' lang='lat' dir='ltr'>eadem</span> <span class='ocrx_word' id='word_1_148' title='bbox 1116 1268 1408 1325; x_wconf 80' lang='lat' dir='ltr'>paragrapho</span> <span class='ocrx_word' id='word_1_149' title='bbox 1432 1268 1771 1324; x_wconf 90' lang='lat' dir='ltr'>subsequuntur</span> 
     </span>
     <span class='ocr_line' id='line_1_17' title="bbox 215 1339 1775 1398; baseline 0 -18"><span class='ocrx_word' id='word_1_150' title='bbox 215 1339 367 1390; x_wconf 69' lang='grc' dir='ltr'><em>ὄνειδός</em></span> <span class='ocrx_word' id='word_1_151' title='bbox 401 1356 449 1382; x_wconf 93' lang='grc' dir='ltr'><em>τε</em></span> <span class='ocrx_word' id='word_1_152' title='bbox 486 1341 596 1396; x_wconf 74' lang='grc' dir='ltr'><em>αὐτῷ</em></span> <span class='ocrx_word' id='word_1_153' title='bbox 633 1356 674 1382; x_wconf 92' lang='grc' dir='ltr'><em>τε</em></span> <span class='ocrx_word' id='word_1_154' title='bbox 706 1341 791 1396; x_wconf 76' lang='grc' dir='ltr'><em>ἐμοὶ</em></span> <span class='ocrx_word' id='word_1_155' title='bbox 822 1339 1059 1397; x_wconf 72' lang='grc' dir='ltr'><em>περιέθεσαν</em></span> <span class='ocrx_word' id='word_1_156' title='bbox 1091 1340 1153 1381; x_wconf 79' lang='grc' dir='ltr'><em>καὶ</em></span> <span class='ocrx_word' id='word_1_157' title='bbox 1183 1343 1263 1390; x_wconf 84' lang='grc' dir='ltr'><em>τοῖς</em></span> <span class='ocrx_word' id='word_1_158' title='bbox 1291 1340 1398 1396; x_wconf 80' lang='grc' dir='ltr'><em>ἐμοῖς</em></span> <span class='ocrx_word' id='word_1_159' title='bbox 1427 1339 1689 1398; x_wconf 80' lang='grc' dir='ltr'><em>προσήκουσιν</em></span> <span class='ocrx_word' id='word_1_160' title='bbox 1720 1340 1775 1389; x_wconf 83' lang='grc' dir='ltr'>εἷς</span> 
     </span>
     <span class='ocr_line' id='line_1_18' title="bbox 215 1409 1772 1466; baseline -0.001 -14"><span class='ocrx_word' id='word_1_161' title='bbox 215 1414 280 1452; x_wconf 77' lang='grc' dir='ltr'><em>τὸν</em></span> <span class='ocrx_word' id='word_1_162' title='bbox 316 1412 405 1464; x_wconf 77' lang='grc' dir='ltr'><em>βίον</em></span> <span class='ocrx_word' id='word_1_163' title='bbox 442 1412 615 1458; x_wconf 64' lang='lat' dir='ltr'>dmum:</span> <span class='ocrx_word' id='word_1_164' title='bbox 659 1423 717 1453; x_wconf 91' lang='lat' dir='ltr'>ne</span> <span class='ocrx_word' id='word_1_165' title='bbox 760 1410 848 1453; x_wconf 92' lang='lat' dir='ltr'>hoc</span> <span class='ocrx_word' id='word_1_166' title='bbox 887 1410 1070 1465; x_wconf 91' lang='lat' dir='ltr'>quidem</span> <span class='ocrx_word' id='word_1_167' title='bbox 1109 1409 1241 1452; x_wconf 90' lang='lat' dir='ltr'>aliter</span> <span class='ocrx_word' id='word_1_168' title='bbox 1278 1423 1330 1453; x_wconf 91' lang='lat' dir='ltr'>ac</span> <span class='ocrx_word' id='word_1_169' title='bbox 1368 1423 1507 1466; x_wconf 87' lang='lat' dir='ltr'>supra</span> <span class='ocrx_word' id='word_1_170' title='bbox 1545 1410 1772 1465; x_wconf 82' lang='lat' dir='ltr'>explicavi</span> 
     </span>
     <span class='ocr_line' id='line_1_19' title="bbox 217 1477 1771 1536; baseline -0.001 -12"><span class='ocrx_word' id='word_1_171' title='bbox 217 1480 537 1536; x_wconf 89' lang='lat' dir='ltr'>accipiendum</span> <span class='ocrx_word' id='word_1_172' title='bbox 575 1483 660 1524; x_wconf 89' lang='lat' dir='ltr'>est:</span> <span class='ocrx_word' id='word_1_173' title='bbox 714 1478 852 1531; x_wconf 74' lang='lat' dir='ltr'>„Und</span> <span class='ocrx_word' id='word_1_174' title='bbox 890 1493 940 1523; x_wconf 88' lang='lat' dir='ltr'>so</span> <span class='ocrx_word' id='word_1_175' title='bbox 979 1479 1134 1523; x_wconf 87' lang='lat' dir='ltr'>haben</span> <span class='ocrx_word' id='word_1_176' title='bbox 1173 1480 1294 1523; x_wconf 93' lang='lat' dir='ltr'>denn</span> <span class='ocrx_word' id='word_1_177' title='bbox 1329 1515 1336 1522; x_wconf 94' lang='lat'>.</span> <span class='ocrx_word' id='word_1_178' title='bbox 1372 1515 1379 1523; x_wconf 89' lang='lat'><em>.</em></span> <span class='ocrx_word' id='word_1_179' title='bbox 1417 1485 1452 1522; x_wconf 74' lang='grc'>.“</span> <span class='ocrx_word' id='word_1_180' title='bbox 1523 1477 1567 1522; x_wconf 94' lang='lat' dir='ltr'><strong>V</strong></span> <span class='ocrx_word' id='word_1_181' title='bbox 1601 1479 1653 1523; x_wconf 87' lang='lat'>51</span> <span class='ocrx_word' id='word_1_182' title='bbox 1694 1493 1771 1523; x_wconf 87' lang='lat' dir='ltr'>ex-</span> 
     </span>
     <span class='ocr_line' id='line_1_20' title="bbox 217 1551 1769 1607; baseline -0.001 -13"><span class='ocrx_word' id='word_1_183' title='bbox 217 1555 371 1594; x_wconf 82' lang='lat' dir='ltr'>aratur</span> <span class='ocrx_word' id='word_1_184' title='bbox 408 1551 541 1593; x_wconf 84' lang='grc' dir='ltr'><em>ἔπειτα</em></span> <span class='ocrx_word' id='word_1_185' title='bbox 581 1552 626 1592; x_wconf 75' lang='grc' dir='ltr'>δὲ</span> <span class='ocrx_word' id='word_1_186' title='bbox 661 1553 723 1592; x_wconf 75' lang='grc' dir='ltr'><em>καὶ</em></span> <span class='ocrx_word' id='word_1_187' title='bbox 754 1553 798 1592; x_wconf 80' lang='grc' dir='ltr'>ἐκ</span> <span class='ocrx_word' id='word_1_188' title='bbox 828 1555 903 1592; x_wconf 82' lang='grc' dir='ltr'>τῶν</span> <span class='ocrx_word' id='word_1_189' title='bbox 933 1552 1061 1604; x_wconf 70' lang='grc' dir='ltr'><em>λόγων</em></span> <span class='ocrx_word' id='word_1_190' title='bbox 1092 1555 1168 1592; x_wconf 80' lang='grc' dir='ltr'>τῶν</span> <span class='ocrx_word' id='word_1_191' title='bbox 1200 1554 1267 1591; x_wconf 79' lang='grc' dir='ltr'>τοῦ</span> <span class='ocrx_word' id='word_1_192' title='bbox 1299 1551 1515 1606; x_wconf 76' lang='grc' dir='ltr'><em>ἀνθρώπου</em></span> <span class='ocrx_word' id='word_1_193' title='bbox 1542 1552 1657 1607; x_wconf 79' lang='grc' dir='ltr'><em>μερὶς</em></span> <span class='ocrx_word' id='word_1_194' title='bbox 1685 1552 1769 1592; x_wconf 79' lang='grc' dir='ltr'><em>ἑκα-</em></span> 
     </span>
     <span class='ocr_line' id='line_1_21' title="bbox 217 1617 1770 1679; baseline 0 -15"><span class='ocrx_word' id='word_1_195' title='bbox 217 1622 342 1679; x_wconf 79' lang='grc' dir='ltr'><em>τέρων</em></span> <span class='ocrx_word' id='word_1_196' title='bbox 379 1622 621 1676; x_wconf 72' lang='grc' dir='ltr'><em>ἐγεγόνει...</em></span> <span class='ocrx_word' id='word_1_197' title='bbox 659 1620 703 1663; x_wconf 85' lang='grc' dir='ltr'>ἔκ</span> <span class='ocrx_word' id='word_1_198' title='bbox 739 1638 786 1663; x_wconf 89' lang='grc' dir='ltr'><em>τε</em></span> <span class='ocrx_word' id='word_1_199' title='bbox 824 1623 968 1678; x_wconf 73' lang='grc' dir='ltr'><em>ἀμφοῖν</em></span> <span class='ocrx_word' id='word_1_200' title='bbox 1005 1622 1083 1663; x_wconf 79' lang='grc' dir='ltr'><em>τοῖν</em></span> <span class='ocrx_word' id='word_1_201' title='bbox 1121 1621 1294 1678; x_wconf 73' lang='grc' dir='ltr'><em>ἀνδροῖν.</em></span> <span class='ocrx_word' id='word_1_202' title='bbox 1367 1617 1610 1663; x_wconf 72' lang='lat' dir='ltr'>Similll&#39;me</span> <span class='ocrx_word' id='word_1_203' title='bbox 1646 1620 1770 1664; x_wconf 82' lang='lat' dir='ltr'>notio</span> 
     </span>
     <span class='ocr_line' id='line_1_22' title="bbox 215 1689 1772 1749; baseline -0.001 -14"><span class='ocrx_word' id='word_1_204' title='bbox 215 1693 392 1736; x_wconf 84' lang='lat' dir='ltr'>notioni</span> <span class='ocrx_word' id='word_1_205' title='bbox 415 1709 456 1734; x_wconf 84' lang='grc' dir='ltr'><em>τε</em></span> <span class='ocrx_word' id='word_1_206' title='bbox 476 1690 704 1747; x_wconf 81' lang='lat' dir='ltr'>particula</span> <span class='ocrx_word' id='word_1_207' title='bbox 726 1691 983 1734; x_wconf 79' lang='lat' dir='ltr'>adnectitur</span> <span class='ocrx_word' id='word_1_208' title='bbox 999 1689 1043 1732; x_wconf 88' lang='lat' dir='ltr'><strong>V</strong></span> <span class='ocrx_word' id='word_1_209' title='bbox 1061 1690 1116 1734; x_wconf 81' lang='lat'>87</span> <span class='ocrx_word' id='word_1_210' title='bbox 1136 1693 1289 1747; x_wconf 74' lang='grc' dir='ltr'><em>ἀνάγκῃ</em></span> <span class='ocrx_word' id='word_1_211' title='bbox 1312 1692 1357 1732; x_wconf 80' lang='grc' dir='ltr'>δὲ</span> <span class='ocrx_word' id='word_1_212' title='bbox 1378 1695 1446 1748; x_wconf 76' lang='grc' dir='ltr'><em>τῆς</em></span> <span class='ocrx_word' id='word_1_213' title='bbox 1464 1691 1572 1749; x_wconf 72' lang='grc' dir='ltr'><em>δίκης</em></span> <span class='ocrx_word' id='word_1_214' title='bbox 1591 1692 1772 1733; x_wconf 81' lang='grc' dir='ltr'><em>νικᾶσθαι</em></span> 
     </span>
     <span class='ocr_line' id='line_1_23' title="bbox 218 1759 1771 1820; baseline 0.001 -16"><span class='ocrx_word' id='word_1_215' title='bbox 218 1764 328 1820; x_wconf 76' lang='grc' dir='ltr'><em>παρὰ</em></span> <span class='ocrx_word' id='word_1_216' title='bbox 360 1765 403 1804; x_wconf 76' lang='grc' dir='ltr'>τὸ</span> <span class='ocrx_word' id='word_1_217' title='bbox 436 1763 595 1820; x_wconf 70' lang='grc' dir='ltr'>ἀληθές,</span> <span class='ocrx_word' id='word_1_218' title='bbox 629 1764 750 1803; x_wconf 75' lang='grc' dir='ltr'><em>αὑτοῦ</em></span> <span class='ocrx_word' id='word_1_219' title='bbox 783 1778 829 1804; x_wconf 81' lang='grc' dir='ltr'><em>τε</em></span> <span class='ocrx_word' id='word_1_220' title='bbox 861 1765 928 1803; x_wconf 76' lang='grc' dir='ltr'><em>τοῦ</em></span> <span class='ocrx_word' id='word_1_221' title='bbox 961 1762 1152 1819; x_wconf 54' lang='grc' dir='ltr'><em>ἀληθοῦς</em></span> <span class='ocrx_word' id='word_1_222' title='bbox 1185 1761 1262 1816; x_wconf 90' lang='lat' dir='ltr'>qui</span> <span class='ocrx_word' id='word_1_223' title='bbox 1292 1759 1417 1804; x_wconf 91' lang='lat' dir='ltr'>locus</span> <span class='ocrx_word' id='word_1_224' title='bbox 1446 1774 1664 1815; x_wconf 86' lang='lat' dir='ltr'>magnam</span> <span class='ocrx_word' id='word_1_225' title='bbox 1687 1763 1771 1805; x_wconf 90' lang='lat' dir='ltr'>cri-</span> 
     </span>
     <span class='ocr_line' id='line_1_24' title="bbox 218 1830 1771 1888; baseline 0 -12"><span class='ocrx_word' id='word_1_226' title='bbox 218 1834 411 1877; x_wconf 89' lang='lat' dir='ltr'>ticorum</span> <span class='ocrx_word' id='word_1_227' title='bbox 451 1833 807 1881; x_wconf 83' lang='lat' dir='ltr'>controversiam</span> <span class='ocrx_word' id='word_1_228' title='bbox 845 1833 1001 1875; x_wconf 87' lang='lat' dir='ltr'>movit.</span> <span class='ocrx_word' id='word_1_229' title='bbox 1068 1831 1279 1888; x_wconf 91' lang='lat' dir='ltr'>Namque</span> <span class='ocrx_word' id='word_1_230' title='bbox 1312 1845 1418 1885; x_wconf 14' lang='lat' dir='ltr'>cum&gt;</span> <span class='ocrx_word' id='word_1_231' title='bbox 1446 1830 1545 1875; x_wconf 94' lang='grc'><strong>1060</strong></span> <span class='ocrx_word' id='word_1_232' title='bbox 1576 1831 1771 1886; x_wconf 89' lang='lat' dir='ltr'>gemello</span> 
     </span>
     <span class='ocr_line' id='line_1_25' title="bbox 219 1901 1772 1959; baseline 0 -13"><span class='ocrx_word' id='word_1_233' title='bbox 219 1904 287 1947; x_wconf 89' lang='lat' dir='ltr'>VI</span> <span class='ocrx_word' id='word_1_234' title='bbox 321 1904 346 1946; x_wconf 87' lang='grc'>5</span> <span class='ocrx_word' id='word_1_235' title='bbox 380 1903 550 1958; x_wconf 82' lang='lat' dir='ltr'>duplex</span> <span class='ocrx_word' id='word_1_236' title='bbox 582 1920 623 1945; x_wconf 77' lang='grc' dir='ltr'><em>τε</em></span> <span class='ocrx_word' id='word_1_237' title='bbox 654 1904 853 1959; x_wconf 87' lang='lat' dir='ltr'>positum</span> <span class='ocrx_word' id='word_1_238' title='bbox 886 1904 959 1954; x_wconf 76' lang='lat' dir='ltr'>sit,</span> <span class='ocrx_word' id='word_1_239' title='bbox 993 1903 1134 1946; x_wconf 88' lang='lat' dir='ltr'>critici</span> <span class='ocrx_word' id='word_1_240' title='bbox 1163 1903 1298 1946; x_wconf 90' lang='lat' dir='ltr'>modo</span> <span class='ocrx_word' id='word_1_241' title='bbox 1328 1901 1452 1946; x_wconf 89' lang='lat' dir='ltr'>hunc</span> <span class='ocrx_word' id='word_1_242' title='bbox 1481 1903 1617 1946; x_wconf 88' lang='lat' dir='ltr'>modo</span> <span class='ocrx_word' id='word_1_243' title='bbox 1640 1902 1772 1946; x_wconf 89' lang='lat' dir='ltr'>illum</span> 
     </span>
     <span class='ocr_line' id='line_1_26' title="bbox 217 1971 1768 2029; baseline -0.001 -11"><span class='ocrx_word' id='word_1_244' title='bbox 217 1975 369 2018; x_wconf 92' lang='lat' dir='ltr'>locum</span> <span class='ocrx_word' id='word_1_245' title='bbox 402 1988 567 2018; x_wconf 86' lang='lat' dir='ltr'>sanare</span> <span class='ocrx_word' id='word_1_246' title='bbox 600 1975 751 2017; x_wconf 87' lang='lat' dir='ltr'>conati</span> <span class='ocrx_word' id='word_1_247' title='bbox 784 1977 901 2017; x_wconf 86' lang='lat' dir='ltr'>sunt.</span> <span class='ocrx_word' id='word_1_248' title='bbox 957 1972 1140 2029; x_wconf 91' lang='lat' dir='ltr'>Optime</span> <span class='ocrx_word' id='word_1_249' title='bbox 1174 1974 1229 2017; x_wconf 90' lang='lat' dir='ltr'>de</span> <span class='ocrx_word' id='word_1_250' title='bbox 1260 1973 1349 2017; x_wconf 89' lang='lat' dir='ltr'>hac</span> <span class='ocrx_word' id='word_1_251' title='bbox 1380 1987 1426 2017; x_wconf 90' lang='lat' dir='ltr'>re</span> <span class='ocrx_word' id='word_1_252' title='bbox 1448 1971 1663 2018; x_wconf 83' lang='lat' dir='ltr'>Schaefer</span> <span class='ocrx_word' id='word_1_253' title='bbox 1688 1973 1768 2018; x_wconf 92' lang='grc'><strong>1.1.</strong></span> 
     </span>
     <span class='ocr_line' id='line_1_27' title="bbox 217 2042 1770 2100; baseline -0.001 -12"><span class='ocrx_word' id='word_1_254' title='bbox 217 2059 259 2100; x_wconf 87' lang='lat' dir='ltr'>p.</span> <span class='ocrx_word' id='word_1_255' title='bbox 288 2044 472 2088; x_wconf 79' lang='lat'>16-19</span> <span class='ocrx_word' id='word_1_256' title='bbox 504 2044 736 2087; x_wconf 87' lang='lat' dir='ltr'>iudicavit.</span> <span class='ocrx_word' id='word_1_257' title='bbox 807 2043 896 2096; x_wconf 78' lang='lat' dir='ltr'>Qui</span> <span class='ocrx_word' id='word_1_258' title='bbox 928 2043 1105 2086; x_wconf 88' lang='lat' dir='ltr'>duobus</span> <span class='ocrx_word' id='word_1_259' title='bbox 1137 2042 1250 2087; x_wconf 89' lang='lat' dir='ltr'>locis</span> <span class='ocrx_word' id='word_1_260' title='bbox 1283 2044 1606 2087; x_wconf 89' lang='lat' dir='ltr'>communibus</span> <span class='ocrx_word' id='word_1_261' title='bbox 1639 2058 1770 2087; x_wconf 85' lang='lat' dir='ltr'>accu-</span> 
     </span>
     <span class='ocr_line' id='line_1_28' title="bbox 216 2113 1771 2169; baseline -0.001 -11"><span class='ocrx_word' id='word_1_262' title='bbox 216 2115 445 2158; x_wconf 88' lang='lat' dir='ltr'>ratissime</span> <span class='ocrx_word' id='word_1_263' title='bbox 468 2115 584 2157; x_wconf 86' lang='lat' dir='ltr'>inter</span> <span class='ocrx_word' id='word_1_264' title='bbox 607 2129 654 2157; x_wconf 88' lang='lat' dir='ltr'>se</span> <span class='ocrx_word' id='word_1_265' title='bbox 678 2113 855 2157; x_wconf 87' lang='lat' dir='ltr'>collatis</span> <span class='ocrx_word' id='word_1_266' title='bbox 879 2113 1061 2167; x_wconf 82' lang='lat' dir='ltr'>collegit</span> <span class='ocrx_word' id='word_1_267' title='bbox 1078 2113 1430 2169; x_wconf 74' lang='lat' dir='ltr'>Antiphontem,</span> <span class='ocrx_word' id='word_1_268' title='bbox 1453 2118 1505 2156; x_wconf 92' lang='lat' dir='ltr'>ut</span> <span class='ocrx_word' id='word_1_269' title='bbox 1521 2114 1771 2158; x_wconf 87' lang='lat' dir='ltr'>orationem</span> 
     </span>
     <span class='ocr_line' id='line_1_29' title="bbox 216 2184 1771 2242; baseline 0 -14"><span class='ocrx_word' id='word_1_270' title='bbox 216 2186 426 2237; x_wconf 79' lang='lat' dir='ltr'>variaret,</span> <span class='ocrx_word' id='word_1_271' title='bbox 450 2184 645 2228; x_wconf 88' lang='lat' dir='ltr'>alterum</span> <span class='ocrx_word' id='word_1_272' title='bbox 667 2185 817 2229; x_wconf 91' lang='lat' dir='ltr'>locum</span> <span class='ocrx_word' id='word_1_273' title='bbox 840 2184 969 2228; x_wconf 87' lang='lat' dir='ltr'>alteri</span> <span class='ocrx_word' id='word_1_274' title='bbox 990 2199 1083 2228; x_wconf 93' lang='lat' dir='ltr'>non</span> <span class='ocrx_word' id='word_1_275' title='bbox 1105 2185 1165 2228; x_wconf 86' lang='lat' dir='ltr'>ad</span> <span class='ocrx_word' id='word_1_276' title='bbox 1186 2184 1378 2228; x_wconf 86' lang='lat' dir='ltr'>verbum</span> <span class='ocrx_word' id='word_1_277' title='bbox 1401 2189 1603 2242; x_wconf 85' lang='lat' dir='ltr'>aptasse;</span> <span class='ocrx_word' id='word_1_278' title='bbox 1634 2199 1771 2241; x_wconf 86' lang='lat' dir='ltr'>quare</span> 
     </span>
     <span class='ocr_line' id='line_1_30' title="bbox 218 2248 1771 2310; baseline 0 -12"><span class='ocrx_word' id='word_1_279' title='bbox 218 2256 344 2299; x_wconf 93' lang='lat' dir='ltr'>codd.</span> <span class='ocrx_word' id='word_1_280' title='bbox 378 2254 621 2298; x_wconf 90' lang='lat' dir='ltr'>lectionem</span> <span class='ocrx_word' id='word_1_281' title='bbox 653 2255 906 2310; x_wconf 84' lang='lat' dir='ltr'>genuinam</span> <span class='ocrx_word' id='word_1_282' title='bbox 938 2268 1038 2298; x_wconf 90' lang='lat' dir='ltr'>esse</span> <span class='ocrx_word' id='word_1_283' title='bbox 1070 2255 1327 2310; x_wconf 88' lang='lat' dir='ltr'>putandum</span> <span class='ocrx_word' id='word_1_284' title='bbox 1360 2248 1438 2298; x_wconf 85' lang='lat' dir='ltr'>est.</span> <span class='ocrx_word' id='word_1_285' title='bbox 1507 2253 1635 2298; x_wconf 89' lang='lat' dir='ltr'>Haec</span> <span class='ocrx_word' id='word_1_286' title='bbox 1667 2269 1771 2299; x_wconf 87' lang='lat' dir='ltr'>sen-</span> 
     </span>
     <span class='ocr_line' id='line_1_31' title="bbox 217 2325 1770 2370; baseline -0.001 0"><span class='ocrx_word' id='word_1_287' title='bbox 217 2327 360 2370; x_wconf 85' lang='lat' dir='ltr'>tentia</span> <span class='ocrx_word' id='word_1_288' title='bbox 403 2325 586 2370; x_wconf 89' lang='lat' dir='ltr'>fulcitur</span> <span class='ocrx_word' id='word_1_289' title='bbox 630 2341 731 2370; x_wconf 91' lang='lat' dir='ltr'>cum</span> <span class='ocrx_word' id='word_1_290' title='bbox 776 2325 877 2370; x_wconf 88' lang='lat' dir='ltr'>aliis</span> <span class='ocrx_word' id='word_1_291' title='bbox 921 2325 1047 2370; x_wconf 88' lang='lat' dir='ltr'>haud</span> <span class='ocrx_word' id='word_1_292' title='bbox 1092 2327 1312 2370; x_wconf 90' lang='lat' dir='ltr'>concinne</span> <span class='ocrx_word' id='word_1_293' title='bbox 1356 2325 1661 2370; x_wconf 86' lang='lat' dir='ltr'>conformatae</span> <span class='ocrx_word' id='word_1_294' title='bbox 1698 2327 1770 2370; x_wconf 87' lang='lat' dir='ltr'>vel</span> 
     </span>
     <span class='ocr_line' id='line_1_32' title="bbox 217 2396 1770 2454; baseline 0 -14"><span class='ocrx_word' id='word_1_295' title='bbox 217 2398 420 2441; x_wconf 85' lang='lat' dir='ltr'>variatae</span> <span class='ocrx_word' id='word_1_296' title='bbox 465 2398 683 2441; x_wconf 89' lang='lat' dir='ltr'>orationis</span> <span class='ocrx_word' id='word_1_297' title='bbox 722 2397 944 2454; x_wconf 82' lang='lat' dir='ltr'>exemplis</span> <span class='ocrx_word' id='word_1_298' title='bbox 982 2402 1081 2440; x_wconf 90' lang='lat' dir='ltr'>tum</span> <span class='ocrx_word' id='word_1_299' title='bbox 1119 2398 1318 2440; x_wconf 83' lang='lat' dir='ltr'>maxime</span> <span class='ocrx_word' id='word_1_300' title='bbox 1355 2396 1428 2440; x_wconf 89' lang='lat' dir='ltr'>his</span> <span class='ocrx_word' id='word_1_301' title='bbox 1465 2397 1487 2440; x_wconf 94' lang='lat' dir='ltr'>I</span> <span class='ocrx_word' id='word_1_302' title='bbox 1527 2396 1581 2441; x_wconf 83' lang='lat'>18</span> <span class='ocrx_word' id='word_1_303' title='bbox 1619 2400 1663 2440; x_wconf 92' lang='lat' dir='ltr'>et</span> <span class='ocrx_word' id='word_1_304' title='bbox 1700 2396 1770 2449; x_wconf 80' lang='lat'>26,</span> 
     </span>
     <span class='ocr_line' id='line_1_33' title="bbox 218 2468 1772 2525; baseline -0.001 -14"><span class='ocrx_word' id='word_1_305' title='bbox 218 2468 296 2512; x_wconf 83' lang='lat' dir='ltr'>ubi</span> <span class='ocrx_word' id='word_1_306' title='bbox 328 2468 551 2525; x_wconf 76' lang='lat' dir='ltr'>praebent</span> <span class='ocrx_word' id='word_1_307' title='bbox 583 2469 710 2512; x_wconf 80' lang='lat' dir='ltr'>codd.</span> <span class='ocrx_word' id='word_1_308' title='bbox 742 2471 763 2509; x_wconf 78' lang='grc' dir='ltr'><em>ὁ</em></span> <span class='ocrx_word' id='word_1_309' title='bbox 792 2469 838 2510; x_wconf 76' lang='grc' dir='ltr'>δὲ</span> <span class='ocrx_word' id='word_1_310' title='bbox 864 2470 1012 2510; x_wconf 81' lang='grc' dir='ltr'><em>ἐκπλεῖν</em></span> <span class='ocrx_word' id='word_1_311' title='bbox 1039 2485 1086 2510; x_wconf 87' lang='grc' dir='ltr'><em>τε</em></span> <span class='ocrx_word' id='word_1_312' title='bbox 1103 2469 1256 2524; x_wconf 83' lang='grc' dir='ltr'><em>μέλλων</em></span> <span class='ocrx_word' id='word_1_313' title='bbox 1277 2470 1351 2510; x_wconf 80' lang='grc' dir='ltr'><em>καὶ</em></span> <span class='ocrx_word' id='word_1_314' title='bbox 1372 2469 1467 2525; x_wconf 74' lang='grc' dir='ltr'><em>παρ’</em></span> <span class='ocrx_word' id='word_1_315' title='bbox 1490 2468 1604 2524; x_wconf 75' lang='grc' dir='ltr'><em>ἀνδρὶ</em></span> <span class='ocrx_word' id='word_1_316' title='bbox 1625 2469 1772 2525; x_wconf 64' lang='grc' dir='ltr'><em>ἑταζοςυ</em></span> 
     </span>
     <span class='ocr_line' id='line_1_34' title="bbox 218 2538 1772 2597; baseline 0 -15"><span class='ocrx_word' id='word_1_317' title='bbox 218 2542 361 2582; x_wconf 78' lang='grc' dir='ltr'><em>ἑαυτοῦ</em></span> <span class='ocrx_word' id='word_1_318' title='bbox 393 2540 559 2581; x_wconf 75' lang='grc' dir='ltr'><em>δειπνῶν</em></span> <span class='ocrx_word' id='word_1_319' title='bbox 591 2542 634 2581; x_wconf 84' lang='lat' dir='ltr'>et</span> <span class='ocrx_word' id='word_1_320' title='bbox 665 2541 709 2589; x_wconf 78' lang='grc' dir='ltr'>ὃς</span> <span class='ocrx_word' id='word_1_321' title='bbox 740 2540 775 2593; x_wconf 76' lang='grc' dir='ltr'>γ’</span> <span class='ocrx_word' id='word_1_322' title='bbox 800 2540 947 2581; x_wconf 81' lang='grc' dir='ltr'><em>ἐκπλεῖν</em></span> <span class='ocrx_word' id='word_1_323' title='bbox 978 2538 1135 2595; x_wconf 84' lang='grc' dir='ltr'><em>ἔμελλεν</em></span> <span class='ocrx_word' id='word_1_324' title='bbox 1166 2540 1209 2580; x_wconf 88' lang='grc' dir='ltr'>ἐκ</span> <span class='ocrx_word' id='word_1_325' title='bbox 1238 2543 1307 2597; x_wconf 75' lang='grc' dir='ltr'><em>τῆς</em></span> <span class='ocrx_word' id='word_1_326' title='bbox 1333 2543 1404 2597; x_wconf 68' lang='grc' dir='ltr'>γῆς</span> <span class='ocrx_word' id='word_1_327' title='bbox 1429 2539 1560 2596; x_wconf 77' lang='grc' dir='ltr'><em>τῆσδε,</em></span> <span class='ocrx_word' id='word_1_328' title='bbox 1594 2540 1706 2596; x_wconf 79' lang='grc' dir='ltr'><em>παρά</em></span> <span class='ocrx_word' id='word_1_329' title='bbox 1725 2556 1772 2582; x_wconf 91' lang='grc' dir='ltr'><em>τε</em></span> 
     </span>
     <span class='ocr_line' id='line_1_35' title="bbox 219 2607 1772 2667; baseline -0.001 -15"><span class='ocrx_word' id='word_1_330' title='bbox 219 2612 334 2667; x_wconf 77' lang='grc' dir='ltr'><em>ἀνδρὶ</em></span> <span class='ocrx_word' id='word_1_331' title='bbox 370 2611 472 2666; x_wconf 78' lang='grc' dir='ltr'><em>φίλῳ</em></span> <span class='ocrx_word' id='word_1_332' title='bbox 510 2611 652 2651; x_wconf 80' lang='grc' dir='ltr'><em>ἑαυτοῦ</em></span> <span class='ocrx_word' id='word_1_333' title='bbox 690 2611 873 2651; x_wconf 76' lang='grc' dir='ltr'><em>εἱστιᾶτο.</em></span> <span class='ocrx_word' id='word_1_334' title='bbox 912 2635 965 2639; x_wconf 89' lang='lat'>—</span> <span class='ocrx_word' id='word_1_335' title='bbox 1005 2609 1059 2652; x_wconf 87' lang='lat' dir='ltr'>In</span> <span class='ocrx_word' id='word_1_336' title='bbox 1098 2623 1156 2652; x_wconf 81' lang='lat' dir='ltr'>or.</span> <span class='ocrx_word' id='word_1_337' title='bbox 1192 2607 1257 2651; x_wconf 87' lang='lat' dir='ltr'>VI</span> <span class='ocrx_word' id='word_1_338' title='bbox 1295 2608 1460 2651; x_wconf 80' lang='lat' dir='ltr'>frustra</span> <span class='ocrx_word' id='word_1_339' title='bbox 1497 2607 1693 2664; x_wconf 75' lang='lat' dir='ltr'>Simplex</span> <span class='ocrx_word' id='word_1_340' title='bbox 1730 2626 1772 2651; x_wconf 88' lang='grc' dir='ltr'><em>τε</em></span> 
     </span>
     <span class='ocr_line' id='line_1_36' title="bbox 219 2677 1772 2736; baseline -0.001 -13"><span class='ocrx_word' id='word_1_341' title='bbox 219 2680 510 2736; x_wconf 87' lang='lat' dir='ltr'>quaesiveris.</span> <span class='ocrx_word' id='word_1_342' title='bbox 578 2678 775 2722; x_wconf 84' lang='lat' dir='ltr'>Causam</span> <span class='ocrx_word' id='word_1_343' title='bbox 813 2693 918 2722; x_wconf 81' lang='lat' dir='ltr'>vero</span> <span class='ocrx_word' id='word_1_344' title='bbox 958 2679 1337 2734; x_wconf 87' lang='lat' dir='ltr'>circumspicienti</span> <span class='ocrx_word' id='word_1_345' title='bbox 1368 2677 1483 2721; x_wconf 86' lang='lat' dir='ltr'>haec</span> <span class='ocrx_word' id='word_1_346' title='bbox 1516 2691 1613 2722; x_wconf 85' lang='lat' dir='ltr'>esse</span> <span class='ocrx_word' id='word_1_347' title='bbox 1644 2679 1772 2722; x_wconf 85' lang='lat' dir='ltr'>Vide-</span> 
     </span>
     <span class='ocr_line' id='line_1_37' title="bbox 218 2747 1770 2805; baseline 0 -12"><span class='ocrx_word' id='word_1_348' title='bbox 218 2750 354 2802; x_wconf 77' lang='lat' dir='ltr'>bitur‚</span> <span class='ocrx_word' id='word_1_349' title='bbox 388 2751 511 2805; x_wconf 89' lang='lat' dir='ltr'>quod</span> <span class='ocrx_word' id='word_1_350' title='bbox 544 2764 604 2793; x_wconf 89' lang='lat' dir='ltr'>or.</span> <span class='ocrx_word' id='word_1_351' title='bbox 626 2748 705 2801; x_wconf 77' lang='lat' dir='ltr'>VI,</span> <span class='ocrx_word' id='word_1_352' title='bbox 739 2763 841 2792; x_wconf 94' lang='lat' dir='ltr'>cum</span> <span class='ocrx_word' id='word_1_353' title='bbox 874 2750 1061 2805; x_wconf 91' lang='lat' dir='ltr'>propius</span> <span class='ocrx_word' id='word_1_354' title='bbox 1091 2749 1213 2792; x_wconf 87' lang='lat' dir='ltr'>absit</span> <span class='ocrx_word' id='word_1_355' title='bbox 1235 2763 1262 2792; x_wconf 91' lang='lat' dir='ltr'>a</span> <span class='ocrx_word' id='word_1_356' title='bbox 1283 2747 1486 2791; x_wconf 89' lang='lat' dir='ltr'>melioris</span> <span class='ocrx_word' id='word_1_357' title='bbox 1509 2749 1770 2801; x_wconf 70' lang='lat' dir='ltr'>graecitatis</span> 
     </span>
    </p>
   </div>
  </div>
 </body>
</html>
