1963 3126
885 178 1122 216 -24-

226 284 401 342 λάβητε.
418 315 428 324 .
445 314 470 331 .,
517 285 605 341 ἡμῖν
651 300 698 326 τε
744 286 824 333 τοῖς
861 286 1057 337 γονεῦσιν.
1074 314 1083 324 .
1100 315 1110 324 .
1158 283 1430 340 ἐλαφροτέραν
1469 284 1536 340 τὴν
1574 284 1782 340 συμφορὰν

228 355 508 412 καταστῆσατε.

346 447 500 504 Atque
538 461 631 490 non
668 448 803 491 modo
835 447 1014 501 integra
1046 448 1285 491 enuntiata
1314 447 1432 490 inter
1463 460 1510 490 se
1543 447 1784 490 coniuncta

228 518 510 570 invenimus,
555 519 635 561 sed
678 518 815 560 etiam
858 516 1069 572 singulas
1106 518 1315 561 notiones
1354 517 1783 573 enuntiatorumque

228 588 446 632 membra.
509 587 683 631 Verum
719 591 875 630 tamen
907 586 957 629 hi
990 601 1173 643 quoque
1204 587 1292 631 loci
1324 588 1491 644 optime
1524 588 1582 630 ad
1613 587 1708 630 vim
1740 591 1785 630 et

228 671 363 702 usum
407 656 659 714 particulae
704 673 746 699 τε
788 660 984 713 possunt
1028 657 1327 701 accomodari.
1399 654 1539 700 Velut
1576 657 1629 700 II
1669 674 1695 698 α
1730 657 1784 701 10

230 730 486 785 ἀσύμφορον.
503 760 513 769 .
530 760 539 769 .
573 730 658 783 ὑμῖν
694 729 778 769 ἐστὶ
809 729 921 770 τόνδε
941 759 950 768 .
968 759 977 768 .
995 760 1004 768 .
1038 730 1094 777 εἷς
1123 730 1170 769 τὰ
1202 729 1340 786 τεμένη
1372 733 1447 769 τῶν
1479 728 1587 769 θεῶν
1618 729 1783 769 εἷσιόντα

224 799 387 856 μιαίνειν
418 800 485 856 τὴν
512 798 672 852 ἁγνείαν
693 799 835 847 αὐτῶν,
869 798 932 840 ἐπί
950 814 998 840 τε
1020 799 1091 848 τὰς
1109 799 1233 848 αὐτὰς
1252 799 1448 856 τραπέζας
1466 798 1571 840 ἰόντα
1594 814 1782 852 συγκατα-

229 871 437 926 πιμπλάναι
486 870 577 918 τούς
618 869 822 918 ἀναιτίους.
904 869 937 922 β
974 868 1029 911 12
1072 870 1141 924 ἐμὲ
1179 900 1188 909 .
1213 900 1222 909 .
1247 901 1256 910 .
1293 869 1499 923 γνώσεσθε
1531 900 1541 909 .
1565 899 1574 909 .
1599 900 1608 909 .
1643 869 1788 918 πολλὰς

224 941 297 996 μὲν
328 941 390 981 καὶ
415 940 596 995 μεγάλας
624 940 816 995 εἰσφορὰς
844 938 1075 995 εἰσφέροντα
1104 940 1168 979 κτλ
1183 970 1192 979 .
1209 970 1219 979 .
1236 970 1261 986 .,
1295 940 1361 997 τήν
1382 955 1431 980 τε
1455 938 1588 980 ου’σίαν
1610 939 1656 980 ου’
1679 939 1782 980 δικα-

229 1011 403 1066 ζόμενον,
441 1010 525 1051 ἀλλ’
557 1009 821 1066 ἐργαζόμενον
853 1009 1095 1065 κεκτημένον,
1129 1009 1188 1051 ad
1220 1021 1356 1064 quem
1387 1007 1539 1052 locum
1571 1007 1786 1052 Schaefer

231 1079 279 1135 (l.
302 1079 332 1123 l.
356 1093 399 1136 p.
427 1078 500 1132 13)
534 1078 649 1121 haec
681 1077 772 1121 fere
793 1079 1107 1122 ratiocinatur:
1147 1076 1299 1128 „Reus
1325 1079 1526 1134 exponit,
1559 1079 1784 1134 quomodo

228 1149 424 1207 pecunia
461 1153 636 1199 utatur;
674 1152 772 1191 tum
812 1149 870 1191 ad
914 1147 1076 1204 plane
1115 1148 1276 1191 aliam
1322 1162 1417 1192 rem
1455 1149 1637 1200 transit;
1676 1148 1786 1192 dicit

218 1221 372 1273 enim,
420 1220 647 1277 quomodo
694 1220 1006 1275 acquisiverit;
1053 1220 1207 1275 itaque
1252 1219 1544 1263 scribendum
1590 1223 1659 1263 est
1697 1220 1782 1263 ὃὲ“.

229 1290 458 1348 Equidem
490 1290 700 1334 existimo
732 1302 827 1332 non
857 1288 1018 1346 plane
1049 1303 1243 1333 novam
1272 1303 1368 1333 rem
1390 1289 1557 1342 inferri,
1589 1291 1670 1334 sed
1690 1303 1785 1333 rem

231 1362 577 1405 antecedentem
633 1359 900 1414 diligentius
954 1358 1105 1402 evolvi
1158 1363 1294 1415 atque
1342 1358 1580 1415 explicari;
1631 1360 1785 1416 itaque

232 1432 401 1488 optime
438 1430 542 1475 ferri
572 1433 723 1487 potest
753 1446 795 1472 τε
808 1431 851 1482 l).
921 1430 985 1473 IV
1009 1446 1033 1483 γ
1060 1429 1087 1473 7
1119 1429 1184 1472 ita
1214 1433 1267 1472 ut
1298 1430 1388 1473 duo
1420 1429 1628 1474 membra
1659 1430 1785 1473 dein-

233 1515 339 1557 ceps
372 1518 413 1543 τε
444 1501 610 1543 vocula
641 1501 944 1549 adnectantur
981 1499 1053 1554 (cf.
1087 1514 1129 1554 p.
1155 1499 1211 1542 23
1244 1500 1303 1541 ad
1333 1498 1402 1542 ΠΙ
1436 1516 1460 1553 γ
1491 1500 1565 1553 12)
1603 1503 1712 1557 ἡμεῖς
1741 1502 1786 1541 δὲ

233 1574 297 1615 τὸν
330 1572 503 1614 θάνατον
522 1573 698 1628 φανερὸν
718 1570 1022 1620 ἀποδεικνύντες,
1055 1570 1122 1627 τήν
1143 1586 1190 1611 τε
1212 1570 1359 1627 πληγὴν
1380 1570 1693 1628 ὁμολογουμένην
1707 1602 1716 1611 .
1734 1602 1742 1612 .
1760 1602 1784 1618 .,

232 1644 297 1684 τόν
329 1659 377 1684 τε
408 1642 526 1698 νόμον
556 1643 613 1691 εἷς
640 1643 705 1682 τὸν
735 1642 1012 1688 πατάξαντα..
1030 1671 1039 1680 .
1074 1642 1283 1693 ἀνάγοντα.
1338 1641 1390 1682 H
1413 1640 1449 1680 ’ὃ
1480 1640 1502 1683 1
1537 1643 1584 1697 τῇ
1616 1641 1786 1699 ὑμετέρᾳ

234 1715 366 1769 γνώμῃ
404 1714 450 1770 τῇ
489 1728 538 1753 τε
575 1711 758 1769 ἀληθείᾳ.
829 1711 855 1752 ὃ
894 1710 944 1753 11
986 1708 1196 1753 Blassius
1233 1710 1432 1752 mutavit
1472 1710 1598 1753 codd.
1632 1710 1785 1753 lectio-

232 1796 338 1826 nem
382 1784 480 1839 ὑπὲρ
525 1783 696 1838 ἐμαυτοῦ
738 1782 1056 1838 ἐπισκήπτω...,
1103 1782 1201 1837 ὑπὲρ
1239 1782 1290 1822 δὲ
1327 1784 1395 1822 τοῦ
1433 1781 1706 1831 ἀποθανόντος
1738 1782 1786 1823 111

233 1853 331 1911 ὑπέρ
359 1869 408 1895 τε
428 1854 622 1909 ἐμαυτοῦ.
640 1884 649 1893 .
666 1884 691 1899 .,
725 1852 822 1909 ὑπέρ
855 1868 901 1894 τε
929 1854 997 1893 τοῦ
1022 1853 1111 1902 ἀπ.;
1144 1863 1338 1902 Summa,
1370 1854 1422 1894 ut
1441 1854 1568 1907 puto,
1600 1851 1784 1903 iniuria;

232 1937 343 1967 nam
364 1922 670 1978 Antiphontis
697 1922 976 1965 consuetudo
1000 1921 1085 1964 fert
1107 1921 1329 1964 eiusmodi
1345 1922 1525 1976 μὲν-δὲ
1546 1925 1680 1977 partt.
1706 1935 1786 1976 op-

233 1994 529 2050 positionem,
568 1996 617 2034 ut
643 1994 717 2049 μὲν
749 1993 1004 2043 omittatur,
1036 2005 1128 2048 qua
1159 1992 1215 2035 de
1246 2005 1292 2035 re
1324 1996 1483 2047 postea
1514 1990 1784 2035 videbimus.

233 2063 372 2107 Porro
404 2065 453 2106 in
485 2062 564 2106 illo
595 2076 760 2116 genere
792 2063 1021 2105 numerari
1052 2061 1192 2105 velim
1222 2064 1301 2105 III
1322 2062 1397 2115 ,81
1434 2094 1443 2103 .
1461 2094 1469 2103 .
1487 2094 1496 2103 .
1527 2065 1566 2104 αἱ
1588 2065 1786 2118 συμφοραὶ

234 2136 296 2176 καὶ
311 2137 448 2193 χρεῖαι
470 2134 560 2183 τούς
580 2150 620 2175 τε
642 2134 903 2190 ἀπράγμονας
921 2134 977 2182 εἷς
995 2134 1154 2186 ἀγῶνας
1173 2136 1412 2190 καταστῆναι
1433 2133 1524 2182 τούς
1545 2148 1586 2174 τε
1606 2132 1789 2191 ἢσυχίους

234 2206 378 2259 τολμᾶν
409 2206 460 2244 τά
489 2220 538 2244 τε
570 2203 668 2244 ἄλλα
701 2204 810 2258 παρὰ
842 2203 954 2257 φύσιν
984 2203 1108 2255 λέγειν
1140 2204 1202 2242 καὶ
1232 2203 1333 2257 δρᾶν
1363 2203 1566 2255 βιάζονται
1594 2216 1636 2230 =
1663 2203 1784 2251 „und

236 2288 286 2318 so
319 2271 438 2317 auch
470 2272 533 2316 im
564 2271 782 2327 fibrigen“
819 2276 899 2315 ete.
939 2271 1003 2315 IV
1025 2288 1051 2313 α
1082 2269 1109 2330 6
1149 2271 1264 2328 ὕβρει
1296 2271 1341 2313 δὲ
1373 2273 1436 2313 καὶ
1466 2271 1657 2329 ἀκολασίᾳ
1688 2287 1783 2329 παρ-

236 2349 349 2386 οινῶν
380 2345 436 2393 εἷς
464 2344 593 2400 ἄνδρα
626 2343 861 2400 πρεσβύτην,
895 2342 1044 2382 τύπτων
1074 2357 1122 2382 τε
1149 2342 1211 2382 καὶ
1232 2341 1396 2394 πνίγων.
1414 2373 1423 2382 .
1440 2372 1464 2389 .,
1498 2345 1578 2390 τοῖς
1595 2342 1789 2397 ἐπιτιμίοις

236 2415 375 2475 ἔνοχός
402 2416 524 2465 &oz-cm
556 2412 631 2457 hic
664 2427 767 2456 cum
797 2411 977 2467 Ignatio
1009 2410 1087 2455 illo
1120 2411 1304 2468 quidem
1335 2429 1377 2454 τε
1407 2425 1501 2455 non
1534 2412 1592 2455 ad
1623 2414 1686 2454 καὶ
1714 2412 1785 2456 111-

237 2497 430 2541 sequens
462 2483 616 2535 refero,
649 2485 729 2527 sed
761 2483 979 2526 dissentio
1012 2482 1069 2525 ab
1093 2496 1144 2525 eo
1177 2482 1400 2525 scribente
1429 2487 1625 2539 παροινῶν
1652 2499 1784 2532 τε...,

236 2558 386 2599 τύπτων
403 2572 462 2605 τες
480 2568 535 2598 ex
553 2553 858 2610 superioribus
874 2553 995 2596 enim
1011 2552 1232 2609 exemplis
1247 2553 1358 2597 satis
1371 2551 1597 2608 probabili
1611 2553 1785 2597 ratione

238 2625 431 2670 efficitur
462 2641 504 2667 τε
535 2623 790 2680 simplicem
822 2625 881 2667 ad
912 2623 992 2667 illa
1022 2623 1228 2667 membra
1260 2623 1536 2667 conectenda
1564 2621 1781 2667 sufficere.

333 2756 360 2800 ¹)
386 2755 653 2791 Jernstedtius
679 2755 764 2798 ipse
790 2764 946 2798 quoque
972 2767 1013 2788 τε
1037 2755 1216 2789 restituit.
