1963 3126
856 185 1093 225 -12-

199 291 478 334 removenda
509 293 629 334 sunt.
692 289 761 334 IV
795 307 819 345 γ
852 290 922 343 4,1
957 293 1037 333 010.
1073 293 1222 334 exstat
1258 291 1445 350 ἐτόλμησε
1476 291 1522 332 δὲ
1552 292 1673 333 εἰπεῖν
1700 293 1757 341 ὡς

199 364 220 402 ο
259 362 386 419 ἄρξας
422 366 491 420 τῆς
525 363 674 420 πληγῆς
710 363 772 403 καὶ
802 363 859 419 μὴ
899 361 1139 418 διαφθείρας
1168 363 1317 418 μᾶλλον
1353 364 1422 403 τοῦ
1461 361 1757 411 α’ποκτὲίναντος

198 433 342 489 φονεύς
370 433 467 484 ἐστι,
501 445 636 488 quem
667 431 820 476 locum
846 430 949 475 cum
970 431 1232 476 Maetznero
1258 435 1302 476 et
1322 430 1544 475 Muellero
1566 431 1631 475 sic
1652 445 1753 475 ver-

197 500 389 546 tendum
422 516 520 546 esse
552 516 734 554 censeo,
773 506 824 545 ut
857 504 922 544 ’καὶ
951 501 1202 558 particulae
1234 502 1383 546 subsit
1403 503 1538 546 'notio
1570 515 1753 546 conces-

198 573 299 616 siva
318 571 550 629 (Mueller:
573 572 783 625 „tametsi
799 572 1113 616 adversarium
1129 586 1223 616 non
1239 572 1543 630 peremerit“)‚
1564 573 1613 617 id
1629 573 1753 630 quod

198 657 347 699 neque
392 642 604 686 abhorret
646 642 702 686 ab
741 642 1047 699 Antiphontis
1087 643 1414 688 consuetudine
1454 642 1526 700 (cf.
1549 642 1593 686 V
1629 642 1751 699 87,4)

198 726 346 770 neque
391 713 510 756 iusto
558 712 713 756 sensui
758 716 996 769 repugnat.
1076 712 1317 757 Praeterea
1361 717 1513 758 autem
1549 713 1623 757 vel
1661 712 1751 757 alio

199 782 400 839 quodam
434 783 615 827 dicendi
645 797 735 827 usu
765 782 936 837 Ignatii
968 784 1194 827 sententia
1214 782 1448 828 refutatur.
1505 783 1753 828 Consuevit

199 854 321 897 enim
354 856 517 906 orator,
548 852 628 897 ubi
658 853 900 910 participia
932 853 1326 897 substantivorum
1356 852 1455 898 loco
1476 854 1625 911 posita
1647 868 1753 898 con-

192 925 362 980 jungit,
394 925 575 980 utrique
608 925 774 967 addere
806 923 1048 967 articulum
1062 926 1106 979 ¹).
1156 923 1285 967 Illius
1315 938 1501 980 prorsus
1530 924 1752 978 gemellus

198 994 323 1038 locus
362 995 596 1038 invenitur
631 994 680 1038 in
713 994 873 1037 eadem
903 994 1212 1051 paragrapho:
1252 997 1274 1035 ὑ
1301 996 1374 1051 μὲν
1405 997 1581 1045 πατάξας
1610 997 1672 1037 καὶ
1696 997 1752 1053 μὴ

199 1067 430 1116 ἀποκτείνας
463 1070 532 1123 τῆς
568 1068 715 1124 πληγῆς
748 1067 964 1123 βουλευτὴς
998 1066 1170 1119 ἐγένετο,
1211 1068 1232 1105 ὁ
1265 1066 1310 1107 δὲ
1348 1066 1576 1122 θανασῷαως
1604 1067 1752 1108 τύπτων

199 1140 267 1178 τοῦ
300 1136 490 1178 θανάτου.

316 1217 473 1261 Redeo
506 1219 565 1261 ad
596 1217 728 1261 illum
761 1231 896 1273 quem
922 1218 1069 1273 primo
1091 1216 1191 1260 1000
1215 1218 1461 1274 explanavi
1482 1231 1630 1269 usum,
1663 1232 1750 1274 quo

200 1288 336 1331 etiam
369 1287 486 1332 aliae
516 1288 816 1345 proprietates
849 1288 1081 1331 accedunt.
1132 1287 1338 1331 Primum
1370 1288 1493 1331 enim
1525 1289 1648 1345 apud
1672 1302 1751 1345 op-

198 1359 334 1403 timos
367 1360 608 1416 scriptores
642 1372 695 1403 ea
725 1357 844 1413 lex2)
879 1357 1164 1411 observatur,
1201 1361 1252 1402 ut
1282 1361 1345 1401 καὶ
1374 1359 1537 1403 vocula
1567 1359 1752 1403 nonnisi

198 1429 339 1473 verba
371 1430 576 1473 eiusdem
609 1429 779 1473 ordinis
803 1429 899 1472 sive
920 1428 1126 1472 membra
1145 1429 1314 1485 pariter
1336 1428 1615 1473 conformata
1635 1430 1752 1473 inter

199 1515 247 1544 se
271 1501 620 1554 coniungantur.
662 1499 906 1556 Antiphon
929 1503 1082 1543 autem
1098 1498 1355 1543 liberiorem
1372 1500 1599 1544 scribendi
1614 1501 1751 1544 ratio-

198 1585 305 1615 nem
343 1570 650 1628 amplectitur,
689 1574 740 1613 ut
775 1569 943 1613 formas
981 1570 1098 1613 inter
1135 1584 1182 1614 se
1220 1569 1462 1614 dissimiles
1495 1574 1749 1627 componat,

200 1642 321 1697 quod
352 1655 499 1695 genus
532 1642 591 1684 ad
623 1644 852 1684 austeram
883 1640 1012 1684 illam
1041 1641 1417 1696 compositionem
1439 1644 1613 1697 spectat
1635 1654 1750 1697 quae

202 1713 341 1769 ,φύσει
369 1713 533 1754 ἐοικέναι
559 1713 708 1768 μᾶλλον
738 1712 925 1765 βούλεται
954 1711 979 1769 ἢ
1011 1711 1212 1770 &pff-¹³).
1266 1710 1375 1754 ‹Jam
1407 1711 1617 1768 exempla
1646 1726 1751 1768 pro-

197 1796 441 1840 ponamus:
475 1785 500 1826 Ι
532 1782 628 1834 26,1
666 1783 853 1832 ἑκουσίως
877 1784 939 1824 καὶ
959 1783 1230 1836 βουλεύσασα;
1263 1782 1363 1834 273
1387 1786 1466 1833 τοῖς
1484 1783 1671 1832 ἑκουσίοις
1689 1784 1752 1824 καὶ

198 1856 242 1896 ἐκ
269 1855 456 1911 προνοίας
484 1855 714 1911 ἀδικήμασις
756 1852 855 1905 28,ss
888 1855 945 1903 ὡς
968 1855 1142 1909 μάλιστα
1174 1854 1357 1895 δύνανται
1386 1853 1658 1910 λαθραιότατα
1690 1855 1751 1894 καὶ

198 1928 254 1975 ὡς
291 1925 518 1982 ἀνθρώπων
550 1925 706 1982 μηδένα
743 1925 906 1975 εἷὸέναι;
939 1924 1000 1967 VI
1036 1922 1154 1975 19,4;
1194 1922 1295 1975 25,6
1329 1939 1370 1952 =
1392 1921 1436 1965 V
1467 1922 1579 1975 625.
1655 1921 1751 1966 Nec

197 2010 291 2039 non
323 1997 371 2038 in
402 1995 654 2049 tetralogiis
686 1994 777 2038 tale
810 1995 921 2050 quid
952 1994 1170 2050 reperitur
1196 1996 1247 2037 II
1266 2012 1291 2036 α
1312 1993 1384 2046 4,3
1407 1995 1560 2051 ἑτοιῄαην
1581 1996 1643 2035 καὶ
1664 2010 1748 2035 κατ-

198 2067 454 2124 ειργασμένην
485 2067 552 2123 τὴν
583 2064 789 2122 ὠφέλειαν.
859 2063 1035 2108 Eodem
1073 2063 1262 2107 fortasse
1293 2066 1468 2120 spectat
1499 2062 1567 2106 VI
1598 2062 1749 2115 20‚1-2

198 2137 491 2195 ἐνθυμηθῆναι.
508 2169 518 2178 .
535 2169 544 2178 .
569 2138 631 2178 καὶ
652 2141 720 2195 τῆς
741 2139 896 2194 γνώμης
914 2141 990 2178 τῶν
1012 2136 1212 2178 ἀντιδίκων
1234 2138 1295 2177 καὶ
1316 2136 1389 2192 οἵῳ
1411 2136 1547 2193 τρόπῳ
1569 2134 1751 2193 ἔρχονται

198 2210 258 2249 ἐπὶ
289 2210 336 2249 τὰ
369 2210 594 2265 πράγματα.

318 2290 495 2333 Deinde
526 2290 655 2333 haud
682 2304 782 2333 raro
810 2290 858 2332 in
879 2288 961 2332 tali
984 2288 1270 2345 copulatione
1292 2288 1440 2342 figura
1461 2287 1542 2331 illa
1567 2287 1750 2342 „hyste-

199 2375 281 2405 ron
297 2362 874 2419 1)1’0101’011“(πρωθύστερον)
892 2374 1007 2416 quae
1018 2363 1207 2403 vocatur
1224 2357 1588 2416 deprehenditur.
1623 2356 1749 2410 Quae

197 2436 435 2489 poetarum
457 2433 747 2488 maximeque
769 2431 955 2475 Homeri
976 2431 1159 2488 propria
1179 2431 1315 2474 etiam
1333 2431 1391 2474 ad
1408 2429 1749 2485 antiquissimos

296 2540 322 2583 ¹)
349 2540 395 2574 ef.
424 2540 481 2575 IV
509 2541 531 2574 δ
554 2539 626 2582 3‚5:
662 2538 700 2574 εἴ
723 2552 763 2574 τε
795 2539 865 2585 γὰρ
898 2541 916 2572 ὁ
944 2540 1105 2580 πατάξας
1123 2565 1130 2573 .
1150 2565 1157 2573 .
1177 2565 1184 2573 .
1218 2538 1354 2581 μᾶλλον
1379 2539 1456 2571 τοῦ
1482 2537 1750 2577 ἀποκτείναντος

198 2601 328 2644 φονεύς
354 2602 451 2639 ἐστιζ
477 2599 527 2633 ib.
545 2598 604 2640 4,2
630 2598 733 2632 οὐδὲν
758 2599 893 2639 μᾶλλον
917 2600 936 2631 ὁ
955 2599 1167 2639 διωκόμενος
1191 2601 1267 2632 τοῦ
1294 2597 1496 2637 διώκοντοςς
1522 2597 1749 2639 probatissi-

199 2670 307 2693 mum
326 2669 420 2693 vero
438 2659 495 2693 IV
515 2659 537 2692 ὃ
551 2656 609 2700 8,4
634 2656 714 2691 ἔστι
735 2657 775 2691 δὲ
792 2657 846 2690 καὶ
866 2658 886 2703 ἡ
904 2657 993 2704 τύχη
1011 2660 1076 2691 τοῦ
1094 2656 1271 2703 ἄρξαντος
1288 2656 1343 2690 καὶ
1361 2657 1402 2690 οὐ
1420 2658 1497 2689 τοῦ
1515 2656 1748 2698 ἀμυνομένου.

293 2717 321 2760 2)
350 2718 395 2752 cf.
423 2718 617 2759 Krueger,
643 2717 706 2750 Gr.
727 2715 902 2758 Sprachl.
930 2716 951 2759 ξ
978 2717 1035 2758 59,
1059 2718 1091 2757 2,
1119 2717 1163 2749 A.
1184 2717 1215 2748 2.

294 2776 321 2819 ³)
349 2777 511 2820 Dionys.
539 2776 664 2809 Halic.
692 2775 739 2809 de
766 2784 889 2817 comp.
917 2774 1023 2809 verb.
1051 2784 1081 2809 c.
1109 2774 1164 2808 22.
