1963 3126
861 243 1099 281 -7-

213 345 260 390 C.
289 345 494 399 WetzeIl,
525 346 660 391 Beitr.
695 361 730 390 z.
767 346 1009 390 Gebrauch
1041 347 1175 402 einig.
1208 346 1330 391 Part.
1360 347 1402 391 b.
1434 347 1542 391 Ant.
1599 347 1755 402 Progr.

329 430 370 460 v.
404 415 627 460 Laubach
660 415 784 460 1879.

211 486 433 542 Ignatius,
466 488 521 530 de
552 486 660 530 Ant.
694 484 974 530 Rhamnusii
1005 486 1265 531 elocutione.
1330 486 1478 530 Berol.
1517 487 1640 531 1882.

212 556 396 610 Cucuel,
429 558 547 601 essai
578 571 656 600 sur
686 556 732 600 la
760 556 933 611 langue
965 556 1119 601 d'Ant.
1184 557 1315 601 Paris
1350 557 1474 602 1886.

210 627 284 672 Fr.
308 627 457 680 Blass,
490 629 561 671 die
589 627 688 671 'Att
723 627 1079 672 Beredsamkeit.
1142 628 1190 672 12
1221 628 1344 685 Lips.
1383 628 1508 672 1887.

210 697 437 753 Hartung,
471 697 618 741 Lehre
649 712 690 741 v.
716 697 953 742 d.Pa1·tik.
989 700 1030 742 d.
1062 698 1229 754 griech.
1255 698 1353 755 Spr.
1406 698 1592 753 Erlang.
1631 698 1756 750 1832,

327 768 385 812 Π
403 768 510 812 voll.

210 838 467 890 Baumleim
501 837 839 893 Untersuchgn.
873 838 947 882 iib.
980 838 1147 892 griech.
1180 838 1302 882 Part.
1367 837 1536 893 Stuttg.
1574 838 1698 882 1861.

209 908 265 952 K.
290 908 363 952 W.
405 907 631 963 Krueger,
679 907 858 952 Griech.
899 907 1104 964 Sprachl.
1145 907 1217 951 fiir
1261 907 1473 952 Schulen.
1552 909 1590 953 3.
1631 908 1753 952 Aufl.

328 978 444 1022 Berl.
483 977 608 1022 1852.

209 1048 329 1092 Phil.
362 1048 632 1100 Buttmann,
665 1047 844 1092 Griech.
880 1048 1079 1093 Gramm.
1144 1050 1212 1092 22.
1237 1049 1358 1092 Aufl.
1423 1049 1542 1095 Berl.
1579 1048 1704 1093 1869.

209 1118 360 1175 Raph.
383 1117 616 1170 Kuehner.
647 1117 883 1162 Ausfiihrl.
909 1117 1109 1163 Gramm.
1146 1120 1186 1163 d.
1213 1119 1379 1174 griech.
1414 1118 1512 1175 Spr.
1568 1119 1605 1163 2.
1631 1118 1752 1162 Aufl.

325 1188 576 1232 Hannover
610 1187 734 1232 1872.

208 1258 242 1302 Ι.
267 1258 321 1302 N.
346 1258 551 1313 Madvig,
584 1257 763 1314 Syntax
795 1259 836 1302 d.
866 1272 930 1312 gr.
963 1258 1077 1315 Spr.,
1109 1259 1201 1303 bes.
1237 1260 1315 1303 der
1346 1264 1423 1303 att.
1449 1258 1751 1316 Sprachform.

328 1329 365 1373 2.
390 1328 511 1372 Aufl.
576 1328 872 1372 Braunschw.
910 1327 1034 1373 1889.

327 1399 460 1443 Aliae
492 1400 917 1451 commentationes,
956 1413 1072 1455 quas
1105 1400 1287 1456 quidem
1318 1401 1624 1456 inspiciendas
1657 1414 1754 1443 esse

210 1471 338 1522 duxi,
373 1470 607 1513 occasione
641 1471 749 1512 data
779 1469 827 1511 in
859 1469 1228 1512 adnotationibus
1262 1470 1750 1513 commemorabuntur.

769 1633 1190 1641 -——.—

325 1760 628 1817 Antiphontis
661 1761 923 1812 orationem‚
956 1761 995 1803 si
1024 1761 1072 1803 in
1103 1761 1370 1803 universum
1401 1761 1754 1813 consideramus,

209 1830 516 1875 confitendum
556 1835 623 1874 est
660 1835 755 1874 tam
795 1832 948 1874 sedate
984 1834 1171 1887 tamque
1207 1845 1369 1887 parum
1408 1830 1649 1875 artificiose
1686 1833 1754 1874 in-

209 1903 383 1956 cedere,
420 1907 471 1946 ut
508 1917 762 1947 sermonem
799 1903 951 1959 potius
985 1916 1123 1959 quam
1155 1903 1403 1946 orationem
1436 1903 1606 1946 audire*
1623 1902 1754 1946 nobis

207 1974 457 2017 videamur.
485 1972 605 2017 Nam
623 1972 1008 2030 simplicissimam
1024 1973 1361 2016 enuntiatorum
1374 1973 1753 2029 periodorumque

209 2044 541 2101 copulationem
572 2045 845 2096 invenimus,
879 2058 995 2100 quae
1026 2045 1126 2092 λέξει
1156 2045 1382 2101 εἷρομένῃῑ)
1414 2043 1482 2087 illi
1502 2044 1753 2100 priscorum

207 2116 478 2172 scriptorum
516 2119 595 2159 aut
633 2129 778 2172 aequa
816 2118 895 2158 aut
930 2113 1126 2158 finitima
1165 2118 1244 2158 est.
1307 2113 1467 2171 Neque
1504 2114 1551 2157 id
1588 2115 1752 2157 mirum

207 2186 436 2229 videbitur
465 2187 695 2241 reputanti
726 2185 929 2228 Atticam
961 2184 1205 2228 dialectum
1236 2186 1291 2227 iis
1324 2185 1489 2240 quibus
1512 2184 1750 2240 Antiphon

207 2256 292 2299 fuit
311 2255 592 2312 temporibus
616 2256 800 2298 omnino
822 2269 914 2298 non
936 2255 1141 2298 adultam
1162 2268 1310 2312 neque
1333 2254 1578 2311 perfectam
1600 2254 1752 2305 fuisse,

208 2328 288 2370 sed
311 2330 514 2370 auctores
536 2325 658 2370 illius
681 2327 842 2370 aetatis
863 2327 1058 2380 vestigia
1079 2327 1377 2383 superiorum,
1406 2325 1593 2370 Homeri
1614 2327 1752 2380 tragi-

209 2410 362 2440 corum
391 2400 630 2453 poetarum
660 2395 899 2448 Herodoti,
939 2400 1117 2440 secutos
1150 2409 1247 2440 esse
1258 2397 1314 2452 2),
1353 2397 1618 2453 praesertim
1650 2410 1751 2439 cum

207 2467 313 2512 libri
345 2481 499 2511 eorum
527 2481 607 2524 per
629 2469 829 2525 ἀκρόασιν,
861 2472 912 2511 ut
932 2468 998 2511 ita
1019 2468 1181 2520 dicam,
1212 2468 1261 2510 in
1283 2467 1450 2522 vulgus
1471 2467 1566 2511 noti
1589 2471 1748 2511 essent.

207 2538 269 2582 Et
298 2537 496 2596 profecto
519 2537 861 2582 Rhamnusium
883 2553 988 2583 cum
1008 2537 1190 2582 illorum
1212 2537 1407 2595 simplici
1430 2538 1623 2582 dictione
1646 2551 1751 2580 con-

303 2646 330 2689 1)
358 2645 404 2679 cf.
433 2645 474 2679 O.
492 2645 646 2687 Mfiller,
672 2646 735 2680 Gr.
754 2646 967 2688 Littgesch.
994 2644 1059 2688 112,
1084 2645 1163 2679 332.

302 2704 330 2748 2)
358 2705 404 2738 cf.
431 2705 531 2749 γένος
553 2703 789 2749 Ἀντιφῶντος
813 2705 835 2748 ξ
853 2705 876 2738 4
903 2704 1007 2748 (edit.
1034 2705 1157 2739 Blass.
1183 2715 1220 2748 p.
1247 2704 1454 2747 XXXIX).
1486 2706 1561 2742 τοῖς
1584 2708 1654 2737 τῶν
1680 2705 1751 2749 πρὸ

208 2766 319 2797 αὐτοῦ
345 2764 414 2807 (δὲ)
441 2765 594 2809 ἐντυχὼν
618 2764 770 2806 βιβλίοις
794 2765 849 2797 καὶ
874 2767 949 2803 τοῖς
971 2768 1040 2797 τῶν
1064 2768 1217 2809 ποιητῶν
1233 2764 1391 2804 μάλιστα
1410 2763 1459 2800 εἰς
1475 2765 1647 2796 τοσοῦτον
1665 2776 1752 2807 προ-

209 2823 300 2868 ῆλθε
325 2822 535 2868 δεινότητος.
