<?xml version="1.0" encoding="UTF-8"?>
<!DOCTYPE html PUBLIC "-//W3C//DTD XHTML 1.0 Transitional//EN"
    "http://www.w3.org/TR/xhtml1/DTD/xhtml1-transitional.dtd">
<html xmlns="http://www.w3.org/1999/xhtml" xml:lang="en" lang="en">
 <head>
  <title>
</title>
<meta http-equiv="Content-Type" content="text/html;charset=utf-8" />
  <meta name='ocr-system' content='tesseract 3.04.00' />
  <meta name='ocr-capabilities' content='ocr_page ocr_carea ocr_par ocr_line ocrx_word'/>
</head>
<body>
  <div class='ocr_page' id='page_1' title='image "4738054_0040.png"; bbox 0 0 1963 3126; ppageno 0'>
   <div class='ocr_carea' id='block_1_1' title="bbox 872 255 1107 294">
    <p class='ocr_par' dir='ltr' id='par_1_1' title="bbox 872 255 1107 294">
     <span class='ocr_line' id='line_1_1' title="bbox 872 255 1107 294; baseline 0 -12"><span class='ocrx_word' id='word_1_1' title='bbox 872 255 1107 294; x_wconf 46' lang='lat'>„31-</span> 
     </span>
    </p>
   </div>
   <div class='ocr_carea' id='block_1_2' title="bbox 210 359 1762 1065">
    <p class='ocr_par' dir='ltr' id='par_1_2' title="bbox 211 359 1762 911">
     <span class='ocr_line' id='line_1_2' title="bbox 213 359 1759 416; baseline 0.001 -15"><span class='ocrx_word' id='word_1_2' title='bbox 213 360 259 401; x_wconf 79' lang='grc' dir='ltr'>δὲ</span> <span class='ocrx_word' id='word_1_3' title='bbox 289 361 435 401; x_wconf 78' lang='grc' dir='ltr'><em>ἐκπλεῖν</em></span> <span class='ocrx_word' id='word_1_4' title='bbox 466 377 513 402; x_wconf 83' lang='grc' dir='ltr'>τε</span> <span class='ocrx_word' id='word_1_5' title='bbox 529 360 681 416; x_wconf 82' lang='grc' dir='ltr'><em>μέλλων</em></span> <span class='ocrx_word' id='word_1_6' title='bbox 701 362 764 402; x_wconf 78' lang='grc' dir='ltr'>καὶ</span> <span class='ocrx_word' id='word_1_7' title='bbox 784 361 960 409; x_wconf 78' lang='grc' dir='ltr'><em>δειπνῶν,</em></span> <span class='ocrx_word' id='word_1_8' title='bbox 983 359 1061 404; x_wconf 86' lang='lat' dir='ltr'>ubi</span> <span class='ocrx_word' id='word_1_9' title='bbox 1077 361 1230 416; x_wconf 80' lang='grc' dir='ltr'><em>μέλλων</em></span> <span class='ocrx_word' id='word_1_10' title='bbox 1251 376 1293 402; x_wconf 78' lang='grc' dir='ltr'>τε</span> <span class='ocrx_word' id='word_1_11' title='bbox 1312 360 1483 403; x_wconf 78' lang='lat' dir='ltr'>iustum</span> <span class='ocrx_word' id='word_1_12' title='bbox 1505 373 1603 403; x_wconf 85' lang='lat' dir='ltr'>esse</span> <span class='ocrx_word' id='word_1_13' title='bbox 1624 373 1759 404; x_wconf 84' lang='lat' dir='ltr'>nemo</span> 
     </span>
     <span class='ocr_line' id='line_1_3' title="bbox 211 429 1760 488; baseline 0 -15"><span class='ocrx_word' id='word_1_14' title='bbox 211 443 305 473; x_wconf 91' lang='lat' dir='ltr'>non</span> <span class='ocrx_word' id='word_1_15' title='bbox 335 430 480 482; x_wconf 82' lang='lat' dir='ltr'>Videt;</span> <span class='ocrx_word' id='word_1_16' title='bbox 512 429 742 473; x_wconf 82' lang='lat' dir='ltr'>simillime</span> <span class='ocrx_word' id='word_1_17' title='bbox 773 431 837 474; x_wconf 88' lang='lat' dir='ltr'><strong>VI</strong></span> <span class='ocrx_word' id='word_1_18' title='bbox 867 429 924 474; x_wconf 84' lang='lat'>38</span> <span class='ocrx_word' id='word_1_19' title='bbox 956 432 1066 488; x_wconf 80' lang='grc' dir='ltr'><em>αὐτῷ</em></span> <span class='ocrx_word' id='word_1_20' title='bbox 1097 446 1144 472; x_wconf 83' lang='grc' dir='ltr'>τε</span> <span class='ocrx_word' id='word_1_21' title='bbox 1174 431 1259 486; x_wconf 78' lang='grc' dir='ltr'><em>ἐμοὶ</em></span> <span class='ocrx_word' id='word_1_22' title='bbox 1289 432 1363 472; x_wconf 78' lang='grc' dir='ltr'>καὶ</span> <span class='ocrx_word' id='word_1_23' title='bbox 1386 434 1465 480; x_wconf 81' lang='grc' dir='ltr'><strong><em>τοῖς</em></strong></span> <span class='ocrx_word' id='word_1_24' title='bbox 1482 431 1615 486; x_wconf 80' lang='grc' dir='ltr'><em>φίλοις,</em></span> <span class='ocrx_word' id='word_1_25' title='bbox 1638 430 1760 480; x_wconf 86' lang='lat' dir='ltr'>idem</span> 
     </span>
     <span class='ocr_line' id='line_1_4' title="bbox 211 500 1762 560; baseline 0 -16"><span class='ocrx_word' id='word_1_26' title='bbox 211 501 248 544; x_wconf 95' lang='lat' dir='ltr'><strong>V</strong></span> <span class='ocrx_word' id='word_1_27' title='bbox 282 500 354 553; x_wconf 83' lang='grc'>18;</span> <span class='ocrx_word' id='word_1_28' title='bbox 387 500 525 558; x_wconf 83' lang='lat' dir='ltr'>paulo</span> <span class='ocrx_word' id='word_1_29' title='bbox 558 500 687 545; x_wconf 76' lang='lat' dir='ltr'>aliter</span> <span class='ocrx_word' id='word_1_30' title='bbox 716 503 742 545; x_wconf 89' lang='lat' dir='ltr'><strong>I</strong></span> <span class='ocrx_word' id='word_1_31' title='bbox 774 500 831 545; x_wconf 79' lang='lat'>20</span> <span class='ocrx_word' id='word_1_32' title='bbox 860 503 885 560; x_wconf 74' lang='grc' dir='ltr'><strong><em>ἡ</em></strong></span> <span class='ocrx_word' id='word_1_33' title='bbox 916 502 954 544; x_wconf 73' lang='grc' dir='ltr'>δ’</span> <span class='ocrx_word' id='word_1_34' title='bbox 987 502 1088 544; x_wconf 77' lang='grc' dir='ltr'><em>αἰτία</em></span> <span class='ocrx_word' id='word_1_35' title='bbox 1120 517 1168 543; x_wconf 81' lang='grc' dir='ltr'>τε</span> <span class='ocrx_word' id='word_1_36' title='bbox 1193 500 1270 559; x_wconf 77' lang='grc' dir='ltr'>ἤδη</span> <span class='ocrx_word' id='word_1_37' title='bbox 1298 503 1371 543; x_wconf 76' lang='grc' dir='ltr'>καὶ</span> <span class='ocrx_word' id='word_1_38' title='bbox 1397 501 1664 559; x_wconf 68' lang='grc' dir='ltr'><em>ἐνδυμηθεῖσα</em></span> <span class='ocrx_word' id='word_1_39' title='bbox 1685 502 1762 550; x_wconf 77' lang='grc' dir='ltr'><em>ἕξει</em></span> 
     </span>
     <span class='ocr_line' id='line_1_5' title="bbox 214 570 1760 632; baseline 0.001 -18"><span class='ocrx_word' id='word_1_40' title='bbox 214 571 327 625; x_wconf 90' lang='lat' dir='ltr'>(scil.</span> <span class='ocrx_word' id='word_1_41' title='bbox 361 573 409 614; x_wconf 82' lang='grc' dir='ltr'>τὰ</span> <span class='ocrx_word' id='word_1_42' title='bbox 441 573 650 632; x_wconf 54' lang='grc' dir='ltr'><em>ἐπιχειρα),</em></span> <span class='ocrx_word' id='word_1_43' title='bbox 682 571 762 615; x_wconf 91' lang='lat' dir='ltr'>ubi</span> <span class='ocrx_word' id='word_1_44' title='bbox 792 571 880 615; x_wconf 88' lang='lat' dir='ltr'>hac</span> <span class='ocrx_word' id='word_1_45' title='bbox 900 585 1004 616; x_wconf 88' lang='lat' dir='ltr'>mea</span> <span class='ocrx_word' id='word_1_46' title='bbox 1025 571 1341 616; x_wconf 86' lang='lat' dir='ltr'>observatione</span> <span class='ocrx_word' id='word_1_47' title='bbox 1363 571 1438 630; x_wconf 78' lang='grc' dir='ltr'>ἤδη</span> <span class='ocrx_word' id='word_1_48' title='bbox 1460 570 1651 615; x_wconf 82' lang='lat' dir='ltr'>voculae</span> <span class='ocrx_word' id='word_1_49' title='bbox 1673 571 1760 627; x_wconf 87' lang='lat' dir='ltr'>hy-</span> 
     </span>
     <span class='ocr_line' id='line_1_6' title="bbox 211 641 1759 700; baseline -0.001 -15"><span class='ocrx_word' id='word_1_50' title='bbox 211 641 433 697; x_wconf 88' lang='lat' dir='ltr'>perbaton</span> <span class='ocrx_word' id='word_1_51' title='bbox 471 643 650 697; x_wconf 83' lang='lat' dir='ltr'>egregie</span> <span class='ocrx_word' id='word_1_52' title='bbox 682 641 942 699; x_wconf 84' lang='lat' dir='ltr'>explicatur.</span> <span class='ocrx_word' id='word_1_53' title='bbox 1003 642 1143 687; x_wconf 88' lang='lat' dir='ltr'>Porro</span> <span class='ocrx_word' id='word_1_54' title='bbox 1175 643 1212 686; x_wconf 87' lang='lat' dir='ltr'><strong>V</strong></span> <span class='ocrx_word' id='word_1_55' title='bbox 1243 641 1300 686; x_wconf 83' lang='lat'>65</span> <span class='ocrx_word' id='word_1_56' title='bbox 1332 644 1485 698; x_wconf 82' lang='grc' dir='ltr'><em>...ἅμα</em></span> <span class='ocrx_word' id='word_1_57' title='bbox 1516 659 1563 685; x_wconf 79' lang='grc' dir='ltr'>τε</span> <span class='ocrx_word' id='word_1_58' title='bbox 1594 659 1759 700; x_wconf 76' lang='grc' dir='ltr'><em>πανουρ-</em></span> 
     </span>
     <span class='ocr_line' id='line_1_7' title="bbox 214 712 1761 771; baseline 0.002 -18"><span class='ocrx_word' id='word_1_59' title='bbox 214 716 321 766; x_wconf 72' lang='grc' dir='ltr'><em>γοῦσι</em></span> <span class='ocrx_word' id='word_1_60' title='bbox 362 715 436 755; x_wconf 78' lang='grc' dir='ltr'>καὶ</span> <span class='ocrx_word' id='word_1_61' title='bbox 473 714 667 770; x_wconf 77' lang='grc' dir='ltr'><em>πρόφασιν</em></span> <span class='ocrx_word' id='word_1_62' title='bbox 705 712 939 771; x_wconf 73' lang='grc' dir='ltr'><em>εὑρίσκουστ;</em></span> <span class='ocrx_word' id='word_1_63' title='bbox 979 713 1046 757; x_wconf 86' lang='grc'>-80</span> <span class='ocrx_word' id='word_1_64' title='bbox 1083 714 1130 756; x_wconf 85' lang='lat' dir='ltr'>id</span> <span class='ocrx_word' id='word_1_65' title='bbox 1169 713 1291 769; x_wconf 88' lang='lat' dir='ltr'>quod</span> <span class='ocrx_word' id='word_1_66' title='bbox 1330 712 1507 756; x_wconf 82' lang='lat' dir='ltr'>duobus</span> <span class='ocrx_word' id='word_1_67' title='bbox 1545 712 1761 756; x_wconf 79' lang='lat' dir='ltr'>membris</span> 
     </span>
     <span class='ocr_line' id='line_1_8' title="bbox 213 784 1762 842; baseline 0 -16"><span class='ocrx_word' id='word_1_68' title='bbox 213 797 451 827; x_wconf 89' lang='lat' dir='ltr'>commune</span> <span class='ocrx_word' id='word_1_69' title='bbox 484 788 570 835; x_wconf 88' lang='lat' dir='ltr'>est,</span> <span class='ocrx_word' id='word_1_70' title='bbox 609 784 811 827; x_wconf 88' lang='lat' dir='ltr'>medium</span> <span class='ocrx_word' id='word_1_71' title='bbox 847 784 1151 840; x_wconf 83' lang='lat' dir='ltr'>interponitur</span> <span class='ocrx_word' id='word_1_72' title='bbox 1189 784 1278 840; x_wconf 81' lang='grc' dir='ltr'><em>ἐμοί</em></span> <span class='ocrx_word' id='word_1_73' title='bbox 1305 800 1352 826; x_wconf 80' lang='grc' dir='ltr'>τε</span> <span class='ocrx_word' id='word_1_74' title='bbox 1381 784 1571 842; x_wconf 73' lang='grc' dir='ltr'><em>βοηθεῖτε</em></span> <span class='ocrx_word' id='word_1_75' title='bbox 1601 785 1675 826; x_wconf 79' lang='grc' dir='ltr'>καὶ</span> <span class='ocrx_word' id='word_1_76' title='bbox 1705 786 1762 841; x_wconf 84' lang='grc' dir='ltr'>τῷ</span> 
     </span>
     <span class='ocr_line' id='line_1_9' title="bbox 212 854 360 911; baseline 0.014 -16"><span class='ocrx_word' id='word_1_77' title='bbox 212 854 360 911; x_wconf 73' lang='grc' dir='ltr'><em>δικαίῳ.</em></span> 
     </span>
    </p>

    <p class='ocr_par' dir='ltr' id='par_1_3' title="bbox 210 935 1760 1065">
     <span class='ocr_line' id='line_1_10' title="bbox 328 935 1760 990; baseline 0 -10"><span class='ocrx_word' id='word_1_78' title='bbox 328 936 554 980; x_wconf 85' lang='lat' dir='ltr'>Inusitata</span> <span class='ocrx_word' id='word_1_79' title='bbox 585 954 626 979; x_wconf 80' lang='grc' dir='ltr'>τε</span> <span class='ocrx_word' id='word_1_80' title='bbox 656 935 846 981; x_wconf 89' lang='lat' dir='ltr'>voculae</span> <span class='ocrx_word' id='word_1_81' title='bbox 869 936 1118 989; x_wconf 82' lang='lat' dir='ltr'>collocatio,</span> <span class='ocrx_word' id='word_1_82' title='bbox 1149 942 1200 981; x_wconf 88' lang='lat' dir='ltr'>ut</span> <span class='ocrx_word' id='word_1_83' title='bbox 1220 936 1308 981; x_wconf 89' lang='lat' dir='ltr'>hoc</span> <span class='ocrx_word' id='word_1_84' title='bbox 1330 937 1485 981; x_wconf 87' lang='lat' dir='ltr'>statim</span> <span class='ocrx_word' id='word_1_85' title='bbox 1509 936 1760 990; x_wconf 81' lang='lat' dir='ltr'>absolvam,</span> 
     </span>
     <span class='ocr_line' id='line_1_11' title="bbox 210 1006 1544 1065; baseline 0.001 -14"><span class='ocrx_word' id='word_1_86' title='bbox 210 1011 388 1065; x_wconf 88' lang='lat' dir='ltr'>praeter</span> <span class='ocrx_word' id='word_1_87' title='bbox 419 1007 630 1065; x_wconf 88' lang='lat' dir='ltr'>exempla</span> <span class='ocrx_word' id='word_1_88' title='bbox 659 1008 794 1052; x_wconf 90' lang='lat' dir='ltr'>modo</span> <span class='ocrx_word' id='word_1_89' title='bbox 827 1006 968 1051; x_wconf 84' lang='lat' dir='ltr'>allata</span> <span class='ocrx_word' id='word_1_90' title='bbox 1000 1009 1191 1051; x_wconf 86' lang='lat' dir='ltr'>occurrit</span> <span class='ocrx_word' id='word_1_91' title='bbox 1221 1008 1284 1051; x_wconf 81' lang='lat' dir='ltr'>VI</span> <span class='ocrx_word' id='word_1_92' title='bbox 1315 1006 1369 1052; x_wconf 89' lang='grc'>18</span> <span class='ocrx_word' id='word_1_93' title='bbox 1401 1011 1446 1051; x_wconf 89' lang='lat' dir='ltr'>et</span> <span class='ocrx_word' id='word_1_94' title='bbox 1476 1007 1544 1052; x_wconf 88' lang='lat'>31.</span> 
     </span>
    </p>
   </div>
   <div class='ocr_carea' id='block_1_3' title="bbox 204 1091 1809 1993">
    <p class='ocr_par' dir='ltr' id='par_1_4' title="bbox 204 1091 1809 1993">
     <span class='ocr_line' id='line_1_12' title="bbox 328 1091 1761 1147; baseline 0 -13"><span class='ocrx_word' id='word_1_95' title='bbox 328 1091 492 1135; x_wconf 82' lang='lat' dir='ltr'>Restat</span> <span class='ocrx_word' id='word_1_96' title='bbox 528 1095 579 1134; x_wconf 93' lang='lat' dir='ltr'>ut</span> <span class='ocrx_word' id='word_1_97' title='bbox 617 1093 672 1135; x_wconf 91' lang='lat' dir='ltr'>de</span> <span class='ocrx_word' id='word_1_98' title='bbox 708 1091 982 1147; x_wconf 88' lang='lat' dir='ltr'>proprietate</span> <span class='ocrx_word' id='word_1_99' title='bbox 1020 1091 1220 1147; x_wconf 88' lang='lat' dir='ltr'>quadam</span> <span class='ocrx_word' id='word_1_100' title='bbox 1252 1094 1524 1146; x_wconf 77' lang='lat' dir='ltr'>exponatur,</span> <span class='ocrx_word' id='word_1_101' title='bbox 1563 1105 1679 1147; x_wconf 88' lang='lat' dir='ltr'>quae</span> <span class='ocrx_word' id='word_1_102' title='bbox 1710 1096 1761 1134; x_wconf 83' lang='lat' dir='ltr'>ut</span> 
     </span>
     <span class='ocr_line' id='line_1_13' title="bbox 212 1160 1809 1218; baseline 0 -13"><span class='ocrx_word' id='word_1_103' title='bbox 212 1174 238 1204; x_wconf 88' lang='lat' dir='ltr'>a</span> <span class='ocrx_word' id='word_1_104' title='bbox 274 1162 497 1218; x_wconf 75' lang='lat' dir='ltr'>pedestris</span> <span class='ocrx_word' id='word_1_105' title='bbox 536 1161 752 1205; x_wconf 88' lang='lat' dir='ltr'>orationis</span> <span class='ocrx_word' id='word_1_106' title='bbox 790 1160 1081 1218; x_wconf 83' lang='lat' dir='ltr'>scriptoribus</span> <span class='ocrx_word' id='word_1_107' title='bbox 1126 1160 1295 1213; x_wconf 83' lang='lat' dir='ltr'>aliena,</span> <span class='ocrx_word' id='word_1_108' title='bbox 1339 1161 1404 1204; x_wconf 88' lang='lat' dir='ltr'>ita</span> <span class='ocrx_word' id='word_1_109' title='bbox 1441 1161 1563 1218; x_wconf 89' lang='lat' dir='ltr'>apud</span> <span class='ocrx_word' id='word_1_110' title='bbox 1601 1166 1760 1218; x_wconf 87' lang='lat' dir='ltr'>poetas</span> <span class='ocrx_word' id='word_1_111' title='bbox 1806 1186 1809 1188; x_wconf 93' lang='lat'><em>-</em></span> 
     </span>
     <span class='ocr_line' id='line_1_14' title="bbox 211 1231 1761 1287; baseline 0.001 -13"><span class='ocrx_word' id='word_1_112' title='bbox 211 1233 508 1275; x_wconf 87' lang='lat' dir='ltr'>usitatissima</span> <span class='ocrx_word' id='word_1_113' title='bbox 545 1237 623 1276; x_wconf 88' lang='lat' dir='ltr'>est.</span> <span class='ocrx_word' id='word_1_114' title='bbox 687 1231 1015 1275; x_wconf 87' lang='lat' dir='ltr'>Abundantiae</span> <span class='ocrx_word' id='word_1_115' title='bbox 1054 1233 1175 1275; x_wconf 85' lang='lat' dir='ltr'>enirn</span> <span class='ocrx_word' id='word_1_116' title='bbox 1211 1232 1414 1287; x_wconf 88' lang='lat' dir='ltr'>poeticae</span> <span class='ocrx_word' id='word_1_117' title='bbox 1453 1233 1605 1275; x_wconf 90' lang='lat' dir='ltr'>studio</span> <span class='ocrx_word' id='word_1_118' title='bbox 1638 1247 1761 1276; x_wconf 87' lang='lat' dir='ltr'>com-</span> 
     </span>
     <span class='ocr_line' id='line_1_15' title="bbox 210 1300 1760 1360; baseline 0 -14"><span class='ocrx_word' id='word_1_119' title='bbox 210 1305 360 1346; x_wconf 89' lang='lat' dir='ltr'>motus</span> <span class='ocrx_word' id='word_1_120' title='bbox 383 1306 532 1346; x_wconf 87' lang='lat' dir='ltr'>orator</span> <span class='ocrx_word' id='word_1_121' title='bbox 554 1303 618 1346; x_wconf 91' lang='lat' dir='ltr'>eis</span> <span class='ocrx_word' id='word_1_122' title='bbox 639 1301 805 1354; x_wconf 83' lang='lat' dir='ltr'>verbiS,</span> <span class='ocrx_word' id='word_1_123' title='bbox 838 1315 953 1358; x_wconf 86' lang='lat' dir='ltr'>quae</span> <span class='ocrx_word' id='word_1_124' title='bbox 975 1300 1298 1360; x_wconf 88' lang='lat' dir='ltr'>aequalitatem</span> <span class='ocrx_word' id='word_1_125' title='bbox 1314 1301 1387 1345; x_wconf 89' lang='lat' dir='ltr'>vel</span> <span class='ocrx_word' id='word_1_126' title='bbox 1413 1300 1760 1346; x_wconf 88' lang='lat' dir='ltr'>similitudinem</span> 
     </span>
     <span class='ocr_line' id='line_1_16' title="bbox 211 1371 1759 1427; baseline 0.001 -11"><span class='ocrx_word' id='word_1_127' title='bbox 211 1372 491 1427; x_wconf 86' lang='lat' dir='ltr'>significant,</span> <span class='ocrx_word' id='word_1_128' title='bbox 530 1373 716 1417; x_wconf 91' lang='lat' dir='ltr'>voculas</span> <span class='ocrx_word' id='word_1_129' title='bbox 753 1375 929 1415; x_wconf 80' lang='grc' dir='ltr'><em>τε-καὶ</em></span> <span class='ocrx_word' id='word_1_130' title='bbox 965 1372 1169 1416; x_wconf 87' lang='lat' dir='ltr'>subicere</span> <span class='ocrx_word' id='word_1_131' title='bbox 1198 1371 1316 1416; x_wconf 89' lang='lat' dir='ltr'>solet</span> <span class='ocrx_word' id='word_1_132' title='bbox 1328 1374 1381 1427; x_wconf 87' lang='lat' dir='ltr'>l),</span> <span class='ocrx_word' id='word_1_133' title='bbox 1422 1386 1525 1416; x_wconf 91' lang='lat' dir='ltr'>cum</span> <span class='ocrx_word' id='word_1_134' title='bbox 1555 1373 1759 1427; x_wconf 83' lang='lat' dir='ltr'>vulgaris</span> 
     </span>
     <span class='ocr_line' id='line_1_17' title="bbox 210 1442 1757 1500; baseline 0.001 -14"><span class='ocrx_word' id='word_1_135' title='bbox 210 1457 321 1486; x_wconf 90' lang='lat' dir='ltr'>usus</span> <span class='ocrx_word' id='word_1_136' title='bbox 364 1443 561 1499; x_wconf 88' lang='lat' dir='ltr'>simplex</span> <span class='ocrx_word' id='word_1_137' title='bbox 603 1446 665 1485; x_wconf 77' lang='grc' dir='ltr'>καὶ</span> <span class='ocrx_word' id='word_1_138' title='bbox 708 1442 803 1498; x_wconf 87' lang='lat' dir='ltr'>(vel</span> <span class='ocrx_word' id='word_1_139' title='bbox 841 1443 1068 1497; x_wconf 88' lang='lat' dir='ltr'>dativum)</span> <span class='ocrx_word' id='word_1_140' title='bbox 1106 1442 1318 1499; x_wconf 81' lang='lat' dir='ltr'>postulet.</span> <span class='ocrx_word' id='word_1_141' title='bbox 1388 1442 1615 1500; x_wconf 88' lang='lat' dir='ltr'>Exempla</span> <span class='ocrx_word' id='word_1_142' title='bbox 1651 1457 1757 1487; x_wconf 86' lang='lat' dir='ltr'>vero</span> 
     </span>
     <span class='ocr_line' id='line_1_18' title="bbox 209 1512 1758 1572; baseline 0.001 -17"><span class='ocrx_word' id='word_1_143' title='bbox 209 1512 324 1557; x_wconf 83' lang='lat' dir='ltr'>haec</span> <span class='ocrx_word' id='word_1_144' title='bbox 360 1513 553 1569; x_wconf 80' lang='lat' dir='ltr'>reperies</span> <span class='ocrx_word' id='word_1_145' title='bbox 591 1514 627 1556; x_wconf 91' lang='lat' dir='ltr'><strong>V</strong></span> <span class='ocrx_word' id='word_1_146' title='bbox 658 1512 714 1556; x_wconf 81' lang='grc'>92</span> <span class='ocrx_word' id='word_1_147' title='bbox 756 1514 824 1571; x_wconf 77' lang='grc' dir='ltr'>τὴν</span> <span class='ocrx_word' id='word_1_148' title='bbox 860 1512 960 1571; x_wconf 78' lang='grc' dir='ltr'><em>ἴσην</em></span> <span class='ocrx_word' id='word_1_149' title='bbox 999 1529 1042 1567; x_wconf 76' lang='grc' dir='ltr'>γε</span> <span class='ocrx_word' id='word_1_150' title='bbox 1079 1513 1239 1569; x_wconf 78' lang='grc' dir='ltr'><em>δύναμιν</em></span> <span class='ocrx_word' id='word_1_151' title='bbox 1278 1513 1378 1572; x_wconf 72' lang='grc' dir='ltr'><strong><em>ἔχει,</em></strong></span> <span class='ocrx_word' id='word_1_152' title='bbox 1419 1515 1527 1564; x_wconf 73' lang='grc' dir='ltr'><strong><em>ὅστις</em></strong></span> <span class='ocrx_word' id='word_1_153' title='bbox 1555 1530 1602 1556; x_wconf 81' lang='grc' dir='ltr'>τε</span> <span class='ocrx_word' id='word_1_154' title='bbox 1633 1514 1681 1556; x_wconf 83' lang='grc' dir='ltr'>ἂν</span> <span class='ocrx_word' id='word_1_155' title='bbox 1712 1516 1758 1571; x_wconf 79' lang='grc' dir='ltr'>τῇ</span> 
     </span>
     <span class='ocr_line' id='line_1_19' title="bbox 204 1575 1758 1643; baseline 0.001 -16"><span class='ocrx_word' id='word_1_156' title='bbox 204 1587 310 1643; x_wconf 76' lang='grc' dir='ltr'><em>χειρὶ</em></span> <span class='ocrx_word' id='word_1_157' title='bbox 341 1575 544 1641; x_wconf 71' lang='grc' dir='ltr'><em>ἀπόκτείνῃ</em></span> <span class='ocrx_word' id='word_1_158' title='bbox 575 1585 722 1635; x_wconf 77' lang='grc' dir='ltr'><em>ἀδίκως</em></span> <span class='ocrx_word' id='word_1_159' title='bbox 750 1586 823 1626; x_wconf 78' lang='grc' dir='ltr'>καὶ</span> <span class='ocrx_word' id='word_1_160' title='bbox 852 1586 961 1634; x_wconf 69' lang='grc' dir='ltr'><em>ὅστις</em></span> <span class='ocrx_word' id='word_1_161' title='bbox 989 1586 1035 1641; x_wconf 79' lang='grc' dir='ltr'>τῇ</span> <span class='ocrx_word' id='word_1_162' title='bbox 1066 1585 1210 1642; x_wconf 74' lang='grc' dir='ltr'><em>ᾠήφῳ;</em></span> <span class='ocrx_word' id='word_1_163' title='bbox 1248 1582 1305 1628; x_wconf 83' lang='grc'>89</span> <span class='ocrx_word' id='word_1_164' title='bbox 1339 1599 1380 1613; x_wconf 85' lang='lat'>=</span> <span class='ocrx_word' id='word_1_165' title='bbox 1413 1584 1476 1627; x_wconf 89' lang='lat' dir='ltr'><strong>VI</strong></span> <span class='ocrx_word' id='word_1_166' title='bbox 1507 1582 1555 1635; x_wconf 88' lang='grc'>6;</span> <span class='ocrx_word' id='word_1_167' title='bbox 1586 1585 1651 1628; x_wconf 88' lang='lat' dir='ltr'><strong>VI</strong></span> <span class='ocrx_word' id='word_1_168' title='bbox 1683 1583 1758 1635; x_wconf 79' lang='lat'>20;</span> 
     </span>
     <span class='ocr_line' id='line_1_20' title="bbox 209 1653 1758 1711; baseline 0 -13"><span class='ocrx_word' id='word_1_169' title='bbox 209 1654 346 1710; x_wconf 81' lang='lat' dir='ltr'>paulo</span> <span class='ocrx_word' id='word_1_170' title='bbox 380 1655 509 1699; x_wconf 79' lang='lat' dir='ltr'>aliter</span> <span class='ocrx_word' id='word_1_171' title='bbox 539 1654 650 1699; x_wconf 81' lang='lat' dir='ltr'><strong>V64</strong></span> <span class='ocrx_word' id='word_1_172' title='bbox 679 1656 732 1702; x_wconf 79' lang='grc' dir='ltr'>ἐξ</span> <span class='ocrx_word' id='word_1_173' title='bbox 758 1653 858 1696; x_wconf 75' lang='grc' dir='ltr'><em>ἴσου</em></span> <span class='ocrx_word' id='word_1_174' title='bbox 890 1654 1003 1696; x_wconf 79' lang='grc' dir='ltr'><em>τοῦτό</em></span> <span class='ocrx_word' id='word_1_175' title='bbox 1030 1655 1114 1696; x_wconf 81' lang='grc' dir='ltr'><em>ἐστι</em></span> <span class='ocrx_word' id='word_1_176' title='bbox 1140 1656 1214 1696; x_wconf 78' lang='grc' dir='ltr'>καὶ</span> <span class='ocrx_word' id='word_1_177' title='bbox 1240 1653 1326 1710; x_wconf 80' lang='grc' dir='ltr'><em>ὑμῖν</em></span> <span class='ocrx_word' id='word_1_178' title='bbox 1347 1656 1420 1696; x_wconf 79' lang='grc' dir='ltr'>καὶ</span> <span class='ocrx_word' id='word_1_179' title='bbox 1440 1655 1535 1711; x_wconf 83' lang='grc' dir='ltr'><em>ἐμοί.</em></span> <span class='ocrx_word' id='word_1_180' title='bbox 1581 1653 1758 1698; x_wconf 86' lang='lat' dir='ltr'>Eodem</span> 
     </span>
     <span class='ocr_line' id='line_1_21' title="bbox 211 1723 1758 1780; baseline -0.001 -12"><span class='ocrx_word' id='word_1_181' title='bbox 211 1725 307 1768; x_wconf 87' lang='lat' dir='ltr'>sine</span> <span class='ocrx_word' id='word_1_182' title='bbox 346 1724 481 1769; x_wconf 91' lang='lat' dir='ltr'>dubio</span> <span class='ocrx_word' id='word_1_183' title='bbox 520 1728 696 1780; x_wconf 87' lang='lat' dir='ltr'>spectat</span> <span class='ocrx_word' id='word_1_184' title='bbox 732 1724 812 1768; x_wconf 89' lang='lat' dir='ltr'>illa</span> <span class='ocrx_word' id='word_1_185' title='bbox 850 1723 1165 1776; x_wconf 84' lang='lat' dir='ltr'>exuberantia,</span> <span class='ocrx_word' id='word_1_186' title='bbox 1205 1737 1319 1779; x_wconf 87' lang='lat' dir='ltr'>quae</span> <span class='ocrx_word' id='word_1_187' title='bbox 1357 1724 1614 1769; x_wconf 90' lang='lat' dir='ltr'>continetur</span> <span class='ocrx_word' id='word_1_188' title='bbox 1651 1737 1758 1768; x_wconf 88' lang='lat' dir='ltr'>con-</span> 
     </span>
     <span class='ocr_line' id='line_1_22' title="bbox 210 1793 1757 1852; baseline -0.001 -13"><span class='ocrx_word' id='word_1_189' title='bbox 210 1796 441 1839; x_wconf 89' lang='lat' dir='ltr'>iunctione</span> <span class='ocrx_word' id='word_1_190' title='bbox 480 1795 724 1852; x_wconf 71' lang='grc' dir='ltr'>ἅμα2)-τε</span> <span class='ocrx_word' id='word_1_191' title='bbox 761 1796 822 1836; x_wconf 77' lang='grc' dir='ltr'>καὶ</span> <span class='ocrx_word' id='word_1_192' title='bbox 853 1795 970 1846; x_wconf 85' lang='lat' dir='ltr'>sive,</span> <span class='ocrx_word' id='word_1_193' title='bbox 1008 1794 1055 1836; x_wconf 92' lang='lat' dir='ltr'>id</span> <span class='ocrx_word' id='word_1_194' title='bbox 1087 1794 1208 1850; x_wconf 91' lang='lat' dir='ltr'>quod</span> <span class='ocrx_word' id='word_1_195' title='bbox 1239 1793 1643 1837; x_wconf 83' lang='lat' dir='ltr'>inusitatissimum</span> <span class='ocrx_word' id='word_1_196' title='bbox 1674 1797 1757 1847; x_wconf 88' lang='lat' dir='ltr'>est,</span> 
     </span>
     <span class='ocr_line' id='line_1_23' title="bbox 210 1864 1757 1924; baseline -0.001 -16"><span class='ocrx_word' id='word_1_197' title='bbox 210 1869 294 1923; x_wconf 79' lang='grc' dir='ltr'>ἅμα</span> <span class='ocrx_word' id='word_1_198' title='bbox 326 1869 518 1911; x_wconf 62' lang='lat' dir='ltr'>zze—mi:</span> <span class='ocrx_word' id='word_1_199' title='bbox 551 1868 631 1910; x_wconf 91' lang='lat' dir='ltr'>III</span> <span class='ocrx_word' id='word_1_200' title='bbox 659 1867 685 1908; x_wconf 79' lang='grc' dir='ltr'><em>ὃ</em></span> <span class='ocrx_word' id='word_1_201' title='bbox 704 1865 732 1909; x_wconf 83' lang='grc'>8</span> <span class='ocrx_word' id='word_1_202' title='bbox 764 1867 860 1922; x_wconf 81' lang='grc' dir='ltr'>ἅμα</span> <span class='ocrx_word' id='word_1_203' title='bbox 890 1865 1042 1924; x_wconf 81' lang='grc' dir='ltr'><em>ἧμαρτέ</em></span> <span class='ocrx_word' id='word_1_204' title='bbox 1072 1881 1120 1907; x_wconf 82' lang='grc' dir='ltr'>τε</span> <span class='ocrx_word' id='word_1_205' title='bbox 1150 1867 1225 1907; x_wconf 77' lang='grc' dir='ltr'>καὶ</span> <span class='ocrx_word' id='word_1_206' title='bbox 1257 1864 1324 1922; x_wconf 79' lang='grc' dir='ltr'>ὑφ’</span> <span class='ocrx_word' id='word_1_207' title='bbox 1357 1866 1499 1907; x_wconf 81' lang='grc' dir='ltr'><em>ἑαυτοῦ</em></span> <span class='ocrx_word' id='word_1_208' title='bbox 1532 1865 1757 1924; x_wconf 69' lang='grc' dir='ltr'>ἐκολάσῦη;</span> 
     </span>
     <span class='ocr_line' id='line_1_24' title="bbox 209 1934 1417 1993; baseline -0.003 -13"><span class='ocrx_word' id='word_1_209' title='bbox 209 1938 246 1980; x_wconf 90' lang='lat' dir='ltr'><strong>V</strong></span> <span class='ocrx_word' id='word_1_210' title='bbox 268 1936 323 1981; x_wconf 83' lang='grc'>65</span> <span class='ocrx_word' id='word_1_211' title='bbox 357 1939 451 1993; x_wconf 81' lang='grc' dir='ltr'>ἅμα</span> <span class='ocrx_word' id='word_1_212' title='bbox 483 1953 530 1979; x_wconf 82' lang='grc' dir='ltr'>τε</span> <span class='ocrx_word' id='word_1_213' title='bbox 562 1939 826 1993; x_wconf 72' lang='grc' dir='ltr'><em>πανουργοῦστ</em></span> <span class='ocrx_word' id='word_1_214' title='bbox 857 1937 930 1977; x_wconf 76' lang='grc' dir='ltr'>καὶ</span> <span class='ocrx_word' id='word_1_215' title='bbox 961 1936 1156 1993; x_wconf 81' lang='grc' dir='ltr'><em>πρόφασιν</em></span> <span class='ocrx_word' id='word_1_216' title='bbox 1186 1934 1417 1992; x_wconf 81' lang='grc' dir='ltr'><em>εὑρίσκουσι.</em></span> 
     </span>
    </p>
   </div>
   <div class='ocr_carea' id='block_1_4' title="bbox 926 2324 1048 2365">
    <p class='ocr_par' dir='ltr' id='par_1_5' title="bbox 926 2324 1048 2365">
     <span class='ocr_line' id='line_1_25' title="bbox 926 2324 1048 2365; baseline -0.008 -1"><span class='ocrx_word' id='word_1_217' title='bbox 926 2324 1048 2365; x_wconf 72' lang='grc' dir='ltr'>οὐδὲ</span> 
     </span>
    </p>
   </div>
   <div class='ocr_carea' id='block_1_5' title="bbox 915 2382 1057 2391">
    <p class='ocr_par' dir='ltr' id='par_1_6' title="bbox 915 2382 1057 2391">
     <span class='ocr_line' id='line_1_26' title="bbox 915 2382 1057 2391; baseline 0 0"><span class='ocrx_word' id='word_1_218' title='bbox 915 2382 1057 2391; x_wconf 95' lang='lat' dir='ltr'> </span> 
     </span>
    </p>
   </div>
   <div class='ocr_carea' id='block_1_6' title="bbox 212 2408 1758 2614">
    <p class='ocr_par' dir='ltr' id='par_1_7' title="bbox 212 2408 1758 2614">
     <span class='ocr_line' id='line_1_27' title="bbox 329 2408 1758 2473; baseline -0.001 -12"><span class='ocrx_word' id='word_1_219' title='bbox 329 2415 476 2473; x_wconf 85' lang='lat' dir='ltr'>Supra</span> <span class='ocrx_word' id='word_1_220' title='bbox 500 2417 795 2473; x_wconf 89' lang='lat' dir='ltr'>explanatum</span> <span class='ocrx_word' id='word_1_221' title='bbox 818 2420 898 2468; x_wconf 91' lang='lat' dir='ltr'>est,</span> <span class='ocrx_word' id='word_1_222' title='bbox 922 2430 1058 2473; x_wconf 91' lang='lat' dir='ltr'>quam</span> <span class='ocrx_word' id='word_1_223' title='bbox 1079 2408 1315 2472; x_wconf 88' lang='lat' dir='ltr'>proprium</span> <span class='ocrx_word' id='word_1_224' title='bbox 1336 2416 1395 2459; x_wconf 88' lang='lat' dir='ltr'>sit</span> <span class='ocrx_word' id='word_1_225' title='bbox 1416 2415 1758 2472; x_wconf 88' lang='lat' dir='ltr'>Autiphonteae</span> 
     </span>
     <span class='ocr_line' id='line_1_28' title="bbox 212 2486 1757 2543; baseline -0.001 -13"><span class='ocrx_word' id='word_1_226' title='bbox 212 2487 475 2530; x_wconf 87' lang='lat' dir='ltr'>elocutionis</span> <span class='ocrx_word' id='word_1_227' title='bbox 513 2501 774 2543; x_wconf 82' lang='lat' dir='ltr'>synonyma</span> <span class='ocrx_word' id='word_1_228' title='bbox 805 2500 1088 2538; x_wconf 87' lang='lat' dir='ltr'>coacervare,</span> <span class='ocrx_word' id='word_1_229' title='bbox 1128 2490 1180 2529; x_wconf 85' lang='lat' dir='ltr'>ut</span> <span class='ocrx_word' id='word_1_230' title='bbox 1211 2487 1353 2529; x_wconf 86' lang='lat' dir='ltr'>oratio</span> <span class='ocrx_word' id='word_1_231' title='bbox 1385 2486 1465 2529; x_wconf 86' lang='lat' dir='ltr'>illa</span> <span class='ocrx_word' id='word_1_232' title='bbox 1494 2486 1757 2530; x_wconf 88' lang='lat' dir='ltr'>bimembris</span> 
     </span>
     <span class='ocr_line' id='line_1_29' title="bbox 213 2555 1756 2614; baseline -0.001 -14"><span class='ocrx_word' id='word_1_233' title='bbox 213 2571 326 2614; x_wconf 91' lang='lat' dir='ltr'>quae</span> <span class='ocrx_word' id='word_1_234' title='bbox 359 2557 523 2601; x_wconf 89' lang='lat' dir='ltr'>dicitur</span> <span class='ocrx_word' id='word_1_235' title='bbox 551 2556 783 2602; x_wconf 87' lang='lat' dir='ltr'>efficiatur.</span> <span class='ocrx_word' id='word_1_236' title='bbox 838 2556 987 2610; x_wconf 83' lang='lat' dir='ltr'>Quam</span> <span class='ocrx_word' id='word_1_237' title='bbox 1019 2557 1077 2600; x_wconf 89' lang='lat' dir='ltr'>ad</span> <span class='ocrx_word' id='word_1_238' title='bbox 1108 2571 1205 2601; x_wconf 88' lang='lat' dir='ltr'>rem</span> <span class='ocrx_word' id='word_1_239' title='bbox 1235 2561 1286 2600; x_wconf 88' lang='lat' dir='ltr'>ut</span> <span class='ocrx_word' id='word_1_240' title='bbox 1305 2557 1399 2600; x_wconf 87' lang='lat' dir='ltr'>illic</span> <span class='ocrx_word' id='word_1_241' title='bbox 1420 2559 1482 2599; x_wconf 78' lang='grc' dir='ltr'>καὶ</span> <span class='ocrx_word' id='word_1_242' title='bbox 1502 2555 1756 2600; x_wconf 87' lang='lat' dir='ltr'>adhibitum</span> 
     </span>
    </p>
   </div>
   <div class='ocr_carea' id='block_1_7' title="bbox 211 2630 492 2636">
    <p class='ocr_par' dir='ltr' id='par_1_8' title="bbox 211 2630 492 2636">
     <span class='ocr_line' id='line_1_30' title="bbox 211 2630 492 2636; baseline 0 0"><span class='ocrx_word' id='word_1_243' title='bbox 211 2630 492 2636; x_wconf 95' lang='lat' dir='ltr'> </span> 
     </span>
    </p>
   </div>
   <div class='ocr_carea' id='block_1_8' title="bbox 211 2662 1754 2883">
    <p class='ocr_par' dir='ltr' id='par_1_9' title="bbox 211 2662 1754 2822">
     <span class='ocr_line' id='line_1_31' title="bbox 307 2662 1754 2708; baseline -0.002 -10"><span class='ocrx_word' id='word_1_244' title='bbox 307 2664 333 2708; x_wconf 86' lang='lat'>1)</span> <span class='ocrx_word' id='word_1_245' title='bbox 361 2664 481 2707; x_wconf 89' lang='lat' dir='ltr'>Apud</span> <span class='ocrx_word' id='word_1_246' title='bbox 497 2668 633 2708; x_wconf 82' lang='lat' dir='ltr'>poetas</span> <span class='ocrx_word' id='word_1_247' title='bbox 652 2665 825 2708; x_wconf 83' lang='lat' dir='ltr'>exempli</span> <span class='ocrx_word' id='word_1_248' title='bbox 842 2675 960 2699; x_wconf 86' lang='lat' dir='ltr'>causa</span> <span class='ocrx_word' id='word_1_249' title='bbox 984 2665 1029 2698; x_wconf 85' lang='lat' dir='ltr'>cf.</span> <span class='ocrx_word' id='word_1_250' title='bbox 1048 2664 1160 2699; x_wconf 92' lang='lat' dir='ltr'>Hom.</span> <span class='ocrx_word' id='word_1_251' title='bbox 1179 2665 1223 2698; x_wconf 95' lang='lat' dir='ltr'>Il.</span> <span class='ocrx_word' id='word_1_252' title='bbox 1243 2665 1261 2698; x_wconf 97' lang='lat' dir='ltr'><strong>I</strong></span> <span class='ocrx_word' id='word_1_253' title='bbox 1279 2664 1341 2705; x_wconf 81' lang='lat'>613</span> <span class='ocrx_word' id='word_1_254' title='bbox 1367 2665 1425 2698; x_wconf 92' lang='lat' dir='ltr'><strong>IV</strong></span> <span class='ocrx_word' id='word_1_255' title='bbox 1445 2662 1530 2704; x_wconf 83' lang='lat'>122;</span> <span class='ocrx_word' id='word_1_256' title='bbox 1556 2663 1651 2697; x_wconf 91' lang='lat' dir='ltr'><strong>VIII</strong></span> <span class='ocrx_word' id='word_1_257' title='bbox 1668 2662 1754 2702; x_wconf 81' lang='lat'>214;</span> 
     </span>
     <span class='ocr_line' id='line_1_32' title="bbox 211 2720 1754 2766; baseline -0.003 -8"><span class='ocrx_word' id='word_1_258' title='bbox 211 2724 269 2758; x_wconf 92' lang='lat' dir='ltr'>XI</span> <span class='ocrx_word' id='word_1_259' title='bbox 294 2722 379 2763; x_wconf 82' lang='lat'><strong>708;</strong></span> <span class='ocrx_word' id='word_1_260' title='bbox 404 2723 481 2757; x_wconf 92' lang='lat' dir='ltr'>XV</span> <span class='ocrx_word' id='word_1_261' title='bbox 508 2723 593 2765; x_wconf 80' lang='lat'>2573</span> <span class='ocrx_word' id='word_1_262' title='bbox 619 2724 717 2758; x_wconf 93' lang='lat' dir='ltr'>XVI</span> <span class='ocrx_word' id='word_1_263' title='bbox 735 2723 816 2766; x_wconf 84' lang='lat'>644,</span> <span class='ocrx_word' id='word_1_264' title='bbox 840 2723 926 2764; x_wconf 80' lang='lat'>745;</span> <span class='ocrx_word' id='word_1_265' title='bbox 953 2723 1069 2766; x_wconf 86' lang='lat' dir='ltr'>Soph.</span> <span class='ocrx_word' id='word_1_266' title='bbox 1096 2723 1156 2757; x_wconf 92' lang='lat' dir='ltr'>Ai.</span> <span class='ocrx_word' id='word_1_267' title='bbox 1177 2722 1285 2764; x_wconf 82' lang='lat'>13513</span> <span class='ocrx_word' id='word_1_268' title='bbox 1313 2723 1355 2757; x_wconf 93' lang='lat' dir='ltr'>O.</span> <span class='ocrx_word' id='word_1_269' title='bbox 1375 2723 1412 2757; x_wconf 87' lang='lat' dir='ltr'>C.</span> <span class='ocrx_word' id='word_1_270' title='bbox 1433 2721 1518 2762; x_wconf 81' lang='lat'>2553</span> <span class='ocrx_word' id='word_1_271' title='bbox 1543 2720 1629 2762; x_wconf 82' lang='lat'>9353</span> <span class='ocrx_word' id='word_1_272' title='bbox 1655 2721 1754 2755; x_wconf 87' lang='lat' dir='ltr'>Phil.</span> 
     </span>
     <span class='ocr_line' id='line_1_33' title="bbox 212 2782 643 2822; baseline 0.002 -6"><span class='ocrx_word' id='word_1_273' title='bbox 212 2782 301 2822; x_wconf 84' lang='lat'>390;</span> <span class='ocrx_word' id='word_1_274' title='bbox 326 2783 417 2816; x_wconf 84' lang='lat' dir='ltr'>Eur.</span> <span class='ocrx_word' id='word_1_275' title='bbox 444 2782 536 2815; x_wconf 87' lang='lat' dir='ltr'>Hec.</span> <span class='ocrx_word' id='word_1_276' title='bbox 564 2782 643 2817; x_wconf 83' lang='lat'>291.</span> 
     </span>
    </p>

    <p class='ocr_par' dir='ltr' id='par_1_10' title="bbox 308 2839 998 2883">
     <span class='ocr_line' id='line_1_34' title="bbox 308 2839 998 2883; baseline 0.001 -10"><span class='ocrx_word' id='word_1_277' title='bbox 308 2839 337 2882; x_wconf 77' lang='grc'>2)</span> <span class='ocrx_word' id='word_1_278' title='bbox 364 2840 410 2874; x_wconf 81' lang='lat' dir='ltr'>cf.</span> <span class='ocrx_word' id='word_1_279' title='bbox 437 2840 572 2882; x_wconf 86' lang='lat' dir='ltr'>Fuhr.,</span> <span class='ocrx_word' id='word_1_280' title='bbox 596 2840 669 2874; x_wconf 88' lang='lat' dir='ltr'>Rh.</span> <span class='ocrx_word' id='word_1_281' title='bbox 695 2840 746 2874; x_wconf 94' lang='lat' dir='ltr'>M.</span> <span class='ocrx_word' id='word_1_282' title='bbox 774 2840 830 2882; x_wconf 82' lang='lat'>23,</span> <span class='ocrx_word' id='word_1_283' title='bbox 855 2850 892 2883; x_wconf 91' lang='lat' dir='ltr'>p.</span> <span class='ocrx_word' id='word_1_284' title='bbox 919 2839 998 2874; x_wconf 78' lang='lat'>598.</span> 
     </span>
    </p>
   </div>
  </div>
 </body>
</html>
