1963 3126
849 173 1086 213 -8-

192 281 432 332 gruentem
462 278 668 322 recedere
701 292 728 322 a
760 279 988 322 communi
1015 277 1169 322 Attice
1202 280 1380 323 dicendi
1410 280 1584 324 ratione
1614 279 1747 323 iustis

192 351 355 404 postea
385 347 498 391 locis
532 348 927 392 demonstrabitur.

311 428 402 473 Sed
435 444 700 488 quanquam
733 431 1073 475 concedendum
1105 435 1174 475 est
1205 431 1450 476 elocutioni
1480 431 1604 475 illius
1627 430 1748 474 colo-

191 515 287 544 rem
326 503 555 558 quendam
593 502 878 559 antiquitatis
918 502 1068 546 inesse
1105 516 1254 559 neque
1292 504 1351 547 ad
1388 517 1491 547 eum
1523 503 1581 546 ad
1613 516 1748 559 quem

191 573 362 628 posteri
401 576 599 616 oratores
636 571 884 629 perfectum
923 573 1119 626 gradum
1158 573 1437 625 ascendisse,
1475 578 1630 617 tamen
1667 586 1748 616 ne-

192 642 366 685 minem
396 646 669 697 negaturum
695 642 902 688 existimo
925 643 1018 685 iam
1043 642 1138 685 eius
1161 643 1388 687 orationes
1409 642 1748 700 pulchritudine

194 713 395 769 quadam
428 727 526 757 esse
559 716 801 757 exornatas
835 716 879 756 et
909 711 1157 756 nonnullas
1188 717 1341 769 partes
1374 712 1626 758 accuratius
1656 712 1748 756 ela-

192 782 377 827 boratas
417 796 515 827 esse
554 786 598 827 et
633 781 895 840 perpolitas.
965 780 1067 827 Huc
1108 784 1334 840 pertinere
1371 782 1487 828 mihi
1523 783 1747 835 videntur,

195 868 310 910 quae
349 853 399 898 O.
435 854 604 898 Miiller
639 854 694 899 V.
730 854 784 898 D.
826 856 880 897 de
918 853 1223 910 Antiphontis
1270 856 1466 899 dictione
1510 856 1682 898 iudicat
1695 857 1746 910 ¹):

198 925 322 977 „Nur
354 926 577 982 dieJenige
600 925 688 969 Art
718 939 809 969 von
832 924 1014 977 Satzen,
1046 926 1095 969 in
1128 926 1276 969 denen
1309 927 1382 970 die
1408 925 1590 970 Glieder
1619 924 1749 972 nicht

194 997 412 1039 einander
458 998 831 1051 untergeordnet,
879 997 1075 1040 sondern
1120 996 1269 1040 neben
1314 998 1530 1041 einander
1565 995 1748 1051 gestellt

192 1068 376 1111 werden
416 1068 456 1111 d.
492 1066 537 1111 h.
572 1068 643 1111 die
678 1066 964 1124 Copulativ-,
996 1067 1300 1111 Adversativ-
1337 1069 1433 1111 und
1464 1067 1747 1111 Disiunctiv-

193 1136 327 1180 Satze
367 1139 427 1191 (d.
462 1137 506 1181 h.
549 1138 620 1180 die
654 1137 789 1181 Satze
833 1139 918 1181 mit
956 1141 1018 1180 καὶ
1051 1139 1245 1193 (τε)-καὶ,
1289 1139 1373 1181 mit
1399 1139 1567 1194 μὲν-δὲ,
1607 1138 1746 1194 mim)

194 1208 428 1266 (τςούτερον)
447 1233 459 1239 -
478 1208 522 1266 ἧς
568 1208 632 1251 im
675 1221 854 1263 ganzen
898 1206 1042 1251 bildet
1088 1206 1200 1251 alles
1247 1209 1330 1251 das
1373 1221 1637 1252 zusammen
1676 1207 1747 1251 die

193 1280 430 1337 ἀντικειμένη
462 1280 600 1333 λέξις),
638 1279 792 1325 haben
832 1279 975 1323 schon
1007 1280 1055 1323 in
1088 1279 1235 1323 dieser
1265 1279 1457 1323 Periode
1490 1280 1568 1322 der
1597 1278 1747 1322 Rede-

192 1350 337 1393 kunst
380 1350 480 1393 eine
524 1363 681 1404 grosse
718 1348 1018 1404 Ausbildung
1062 1348 1268 1393 erhalten
1312 1350 1407 1392 und
1444 1350 1628 1393 werden
1664 1349 1748 1393 mit

193 1433 373 1474 grosser
408 1419 566 1463 Kunst
610 1420 659 1463 in
706 1419 828 1463 allen
871 1418 1004 1463 ihren
1043 1418 1203 1463 Teilen
1247 1419 1538 1474 ebenmassig
1582 1418 1747 1463 durch-

194 1489 419 1545 gefiihrt“.

313 1560 467 1617 Atque
504 1559 590 1604 has
627 1559 896 1617 particulas,
938 1574 1053 1616 quae
1092 1561 1151 1604 ad
1181 1559 1425 1604 verborum
1465 1563 1509 1603 et
1540 1560 1747 1603 enuntia-

193 1635 343 1674 torum
366 1634 641 1674 structuram
661 1631 1001 1687 paratacticam,
1024 1635 1074 1673 ut
1092 1630 1158 1673 ita
1175 1630 1338 1682 dicam,
1361 1633 1582 1685 spectant,
1605 1629 1747 1686 expli—

195 1702 366 1746 candas
398 1700 517 1745 mihi
546 1701 774 1758 proposui.

313 1782 405 1826 Sed
436 1783 705 1839 priusquam
737 1783 796 1825 ad
826 1796 921 1825 rem
953 1783 1101 1838 ipsam
1125 1783 1409 1834 accedamus,
1440 1781 1748 1838 profitendum

194 1869 292 1898 esse
323 1854 518 1906 videtur,
553 1853 662 1909 quid
694 1853 889 1897 sentiam
921 1854 976 1896 de
1006 1852 1350 1908 tetralogiarum
1384 1867 1500 1909 quae
1528 1858 1749 1897 vocantur

152 1967 155 1969 Α
192 1924 283 1968 fide
321 1928 365 1967 et
403 1924 684 1967 auctoritate.
749 1922 850 1976 Qua
887 1924 941 1966 de
979 1937 1025 1966 re
1064 1924 1245 1967 etiamsi
1275 1923 1476 1967 virorum
1515 1924 1748 1985 doctorum

193 1996 445 2040 sententiae
484 1998 578 2038 toto
619 1993 743 2038 caelo
781 1999 831 2037 ut
870 1995 998 2037 aiunt
1036 1995 1228 2047 distant,
1268 1995 1478 2051 equidem
1514 2008 1595 2050 pro
1628 1999 1746 2038 certo

192 2066 339 2109 habeo
379 2069 515 2121 atque
554 2063 733 2108 confido
771 2063 875 2107 illas
914 2078 969 2108 ex
999 2064 1303 2122 Antiphontis
1343 2078 1484 2108 manu
1517 2078 1614 2108 esse
1644 2078 1747 2121 pro-

192 2137 345 2180 fectas,
417 2135 629 2179 Concedo
669 2135 904 2191 complura
940 2134 1030 2178 illis
1069 2137 1238 2188 inesse,
1279 2149 1397 2192 quae
1433 2135 1661 2189 legentem
1698 2139 1749 2178 ut

194 2208 248 2250 de
280 2206 405 2250 illius
438 2206 705 2249 auctoritate
739 2204 915 2248 dubitet
947 2209 1275 2249 commoveant.
1349 2204 1441 2248 Sed
1472 2218 1649 2261 semper
1678 2219 1747 2249 re-

192 2278 452 2332 putandum
490 2279 558 2319 est
594 2274 719 2326 illas,
759 2275 928 2330 quippe
967 2289 1070 2318 cum
1106 2289 1200 2319 non
1239 2276 1298 2319 ad
1334 2288 1470 2318 usum
1508 2274 1746 2327 forensem,

193 2347 273 2390 sed
305 2347 363 2390 ad
396 2346 768 2390 exercitationem
799 2344 1090 2389 umbratilem
1122 2346 1214 2389 sint
1240 2345 1536 2401 conscriptae,
1566 2349 1748 2402 propter

192 2416 314 2461 hanc
353 2417 664 2460 diversitatem
697 2416 877 2470 generis
915 2417 1144 2459 interdum
1183 2416 1322 2459 etiam
1360 2414 1498 2458 aliam
1534 2415 1747 2471 praebere

192 2487 391 2544 speciem
422 2500 608 2530 necesse
640 2499 759 2538 esse;
792 2486 872 2529 sed
902 2499 1050 2542 neque
1082 2486 1196 2530 haec
1228 2486 1287 2529 ad
1320 2483 1424 2528 illas
1455 2483 1745 2530 Rhamnusio

192 2559 524 2602 abiudicandas
559 2559 803 2614 quicquam
834 2555 986 2599 valere
1008 2561 1052 2600 et
1071 2556 1313 2613 permultis
1335 2555 1484 2607 rebUS,
1517 2570 1632 2612 quae
1654 2556 1746 2600 elo-

193 2628 388 2672 cutionis
410 2626 757 2684 Antiphonteae
787 2627 995 2684 propriae
1027 2629 1134 2681 sint,
1167 2628 1264 2672 eius
1297 2627 1611 2671 auctoritatem
1634 2628 1745 2672 satis

288 2758 315 2801 ¹)
344 2758 497 2792 Griech.
524 2758 613 2792 Litt.
641 2757 705 2801 112,
730 2768 767 2801 p.
795 2757 876 2792 332.
