1963 3126
882 210 1119 249 —43-

227 316 397 360 tentiae
418 316 647 371 pertineat
666 313 797 359 'alteri
819 315 1093 371 oppositam,
1122 317 1288 361 deinde
1308 317 1472 361 iterum
1493 316 1534 360 ei
1555 314 1779 360 vocabulo

229 386 386 429 addita
424 385 502 436 sit,
541 386 665 441 quod
701 389 986 428 momentum
1022 384 1200 430 faciat“.
1266 386 1359 430 Sed
1392 385 1507 430 haec
1538 386 1779 442 explicatio

228 453 343 499 mihi
374 467 468 499 non
500 455 681 499 arridet.
738 453 950 512 Namque
975 456 1050 512 μὲν
1080 455 1294 501 voculam
1327 457 1486 502 eodem
1516 469 1654 500 sensu
1683 459 1779 499 tam

229 526 432 585 celeriter
462 526 607 583 repeti
637 526 911 583 persuadere
942 524 1058 569 mihi
1085 540 1180 573 non
1200 541 1400 585 possum.
1455 527 1611 584 Neque
1632 527 1780 582 magis

228 597 342 641 mihi
373 596 592 654 probatur
622 597 736 642 ratio
768 611 906 654 quam
939 596 1082 641 Cobet
1114 597 1357 653 (Mnemos.
1390 599 1503 644 VIII
1533 613 1576 643 n.
1610 612 1643 642 8.
1674 597 1779 653 273)

219 669 350 720 iniit,
391 669 468 724 qui
499 667 702 712 Kohmio
734 667 957 724 probante
992 667 1164 723 (Wien.
1200 669 1328 714 Stud.
1361 670 1469 723 XII,
1502 670 1542 721 2,
1578 669 1660 713 159
1693 669 1780 724 sq.)

227 738 349 782 hanc
370 738 659 794 particulam,
689 752 792 782 cum
819 738 1003 789 „addita
1024 738 1268 783 verborum
1291 741 1663 797 compositionem
1684 752 1780 782 601·-

228 814 461 865 1·umpat“,
501 809 855 865 expungendam
894 813 1061 852 censet.
1125 808 1254 861 Quae
1293 824 1397 854 cum
1433 811 1497 854 ita
1535 810 1645 861 sint,
1691 808 1781 852 alia

229 879 493 937 explicandi
524 880 638 923 ratio
672 883 742 923 est
772 880 1049 934 indaganda.
1112 878 1246 924 Hanc
1283 895 1390 925 vero
1422 881 1616 925 inveniri
1646 893 1780 937 posse

229 964 360 1008 spero
392 951 437 994 in
473 963 526 994 ea
557 963 695 1007 quam
727 963 867 1006 supra
898 950 1110 994 distincte
1142 952 1335 1006 exposui
1366 950 1646 997 Rhamnusii
1676 964 1781 1008 pro-

227 1023 430 1078 prietate.
500 1020 622 1065 Nam
661 1021 798 1077 quid?
842 1021 982 1065 verba
1024 1022 1202 1079 ἠθέλησα
1234 1023 1312 1077 μὲν
1346 1036 1501 1067 11011116
1537 1022 1780 1079 repetendo

229 1090 498 1136 confirmare
529 1092 744 1135 videntur
775 1091 857 1135 illa
886 1091 1206 1148 praecedentia
1237 1093 1334 1148 ἐμοῦ
1366 1093 1571 1143 ἐθέλοντος
1597 1094 1684 1141 xva„
1716 1092 1781 1135 ita

228 1166 279 1205 ut
309 1162 449 1218 probe
481 1166 732 1205 vertamus:
769 1163 918 1212 „denn
950 1163 1187 1206 einerseits
1208 1161 1363 1205 wollte
1395 1162 1471 1206 ich
1491 1163 1539 1206 in
1562 1164 1640 1206 der
1661 1161 1782 1205 That

228 1231 328 1276 ihre
366 1231 572 1276 Sklaven
609 1230 773 1279 soltern
807 1268 814 1276 .
852 1267 859 1276 .
895 1267 927 1284 .,
966 1232 1237 1276 andrerseits
1275 1230 1399 1276 hiess
1438 1231 1514 1276 ich
1545 1232 1610 1276 sie
1640 1231 1781 1276 selbst

230 1303 301 1346 die
341 1302 595 1356 Folterung
631 1301 957 1346 vornehmen“.
1031 1301 1181 1355 Quare
1220 1302 1357 1345 etiam
1396 1301 1483 1346 1106
1523 1301 1780 1358 exemplum

228 1374 307 1416 illi·
325 1362 483 1427 generi
514 1371 708 1416 fidenter
740 1373 977 1426 assignare
1008 1386 1266 1428 possumus.
1337 1423 1339 1425 ¹

347 1442 498 1498 Supra
531 1442 830 1494 ostendimus,
864 1456 1003 1498 quam
1024 1455 1172 1498 pauca
1187 1456 1421 1501 'quamque
1444 1442 1669 1497 simplicia
1689 1442 1782 1485 sint

229 1513 532 1569 Antiphontis
565 1513 624 1555 ad
656 1512 906 1555 orationem
939 1513 1298 1556 continuandam
1331 1511 1624 1555 adminicula.
1684 1511 1781 1554 Ad-

229 1584 381 1626 denda
413 1585 481 1627 est
507 1583 688 1639 μὲν-δὲ
720 1582 994 1635 coniunctio,
1027 1597 1117 1639 qua
1150 1582 1370 1626 dissolute
1401 1581 1621 1626 transitus
1648 1595 1782 1638 para-

228 1652 321 1704 tur,
360 1653 482 1709 quod
519 1666 666 1706 genus
705 1653 828 1707 apud
865 1652 1112 1697 Isocratem
1150 1666 1242 1696 uno
1281 1656 1462 1696 tantum
1498 1651 1596 1694 loco
1636 1655 1782 1695 exstat

231 1721 392 1778 (XVII
417 1722 517 1776 13).·
557 1721 700 1778 Apud
732 1725 943 1765 nostrum
974 1735 1081 1766 vero
1113 1722 1345 1766 invenitur
1376 1723 1412 1765 V
1434 1721 1487 1765 21
1522 1724 1546 1779 ἡ
1572 1723 1657 1777 μὲν
1689 1722 1780 1779 πρύ-

229 1810 347 1850 φασις
383 1794 563 1850 ἑκατέρῳ
602 1796 671 1834 τοῦ
709 1794 805 1834 πλοῦ
843 1793 942 1850 αὕτη
974 1824 984 1832 .
1015 1794 1202 1851 ἐτύχομεν
1241 1794 1293 1835 δὲ
1325 1795 1418 1843 κτλ.;
1456 1792 1565 1835 item
1598 1791 1672 1842 25ς
1704 1791 1780 1842 31;

230 1862 289 1906 52
314 1863 588 1919 μὲν-καίτοις
627 1860 703 1913 6ος
735 1863 800 1905 VI
835 1861 971 1906 13-14
996 1864 1212 1919 μὲν-καὶ;
1252 1862 1509 1906 notandum
1542 1865 1609 1904 est
1640 1861 1688 1904 in
1720 1874 1779 1904 or.

232 1932 298 1975 VI
328 1932 454 1976 hunc
486 1946 622 1975 usum
653 1945 801 1987 paene
834 1945 1114 1976 evanescere.

347 2002 401 2045 In
432 2000 596 2045 tetrall.
632 2005 816 2064 exstant
847 2003 899 2045 II
931 2019 956 2043 α
988 2002 1035 2053 9ς
1067 2004 1100 2056 β
1132 2003 1196 2047 10.

347 2072 677 2126 Pervulgatam
723 2072 976 2128 priscorum
1021 2072 1203 2116 illorum
1248 2072 1645 2122 consuetudinem,
1693 2085 1783 2127 qua

229 2144 486 2201 simplicem
517 2144 566 2187 in
597 2144 786 2187 modum
819 2144 1075 2200 complures
1104 2144 1441 2187 enuntiationes
1462 2142 1561 2198 pari
1582 2141 1679 2185 loco
1700 2155 1781 2197 po-

229 2219 401 2258 nuntur
420 2213 549 2257 nulla
570 2212 732 2258 habita
754 2215 929 2258 ratione
951 2215 1279 2259 sententiarum
1301 2227 1454 2258 nexus·
1464 2213 1780 2256 intercedentis

231 2285 570 2343 quodammodo
614 2299 758 2341 usque
801 2286 860 2328 ad
898 2286 1092 2342 optimos
1130 2286 1281 2340 graeci
1319 2284 1540 2329 sermonis
1579 2286 1781 2327 auctores

228 2357 491 2412 pervenisse
529 2357 643 2398 satis
683 2359 872 2399 constat.
944 2355 1084 2399 Velut
1122 2370 1175 2399 ea
1212 2357 1470 2405 enuntiata,
1514 2354 1631 2396 inter
1668 2368 1781 2409 quae

231 2426 492 2470 concessiva
513 2426 751 2469 intercedit
772 2426 1078 2478 necessitudo,
1111 2427 1236 2482 apud
1258 2438 1416 2470 omnes
1440 2424 1621 2481 μὲν-δὲ
1641 2425 1782 2480 parti-

230 2495 344 2540 culis
392 2496 634 2539 coniuncta
680 2496 898 2539 invenies.
970 2494 1061 2540 Sed
1109 2510 1213 2540 cum
1256 2497 1305 2539 in
1348 2494 1471 2538 bona
1513 2493 1781 2551 excultaque

229 2567 477 2621 graecitate
517 2579 594 2609 eae
633 2567 906 2617 sententiae,
945 2580 1061 2622 quae
1099 2565 1343 2622 temporali
1381 2568 1425 2608 et
1456 2563 1628 2607 causali
1659 2578 1781 2608 nexu

230 2637 538 2687 continentur,
577 2634 626 2678 in
664 2636 899 2680 arctiorem
936 2636 1178 2680 verborum
1216 2636 1440 2680 ambitum
1476 2633 1780 2689 includantur,

228 2706 474 2763 Antiphon
505 2705 591 2750 has
623 2720 758 2763 saepe
790 2707 1126 2762 simplicissime
1153 2707 1347 2763 μὲν-δὲ
1378 2703 1554 2748 voculis
1584 2705 1702 2749 inter
1733 2720 1780 2750 se

230 2777 431 2835 opponit.
496 2775 646 2830 Quam
677 2776 725 2820 in
755 2776 1077 2833 proprietatem
1110 2791 1213 2821 cum
1243 2777 1337 2820 iam
1359 2774 1507 2818 Marte
1536 2789 1637 2820 meo
1668 2777 1781 2821 inci-
