1963 3126
875 255 1108 294 -35—

214 361 551 408 conformantur
565 362 608 415 1).
657 360 996 417 Antiphontem
1025 373 1131 404 vero
1165 360 1302 404 etiam
1332 361 1380 403 in
1412 359 1500 404 hac
1520 374 1567 404 re
1588 360 1757 404 maiore

211 432 396 477 licentia
431 431 500 474 uti
536 431 756 474 videmus,
827 429 1075 474 Considera
1111 429 1226 474 mihi
1256 431 1293 474 V
1318 429 1375 473 87
1400 446 1441 460 =
1460 432 1522 474 VI
1554 431 1581 474 5
1617 429 1763 481 οὐδεὶς

213 505 262 546 ἂν
292 502 566 559 τολμήσειεν
598 536 605 544 .
639 536 647 544 .
680 536 687 544 .
717 502 779 558 μὴ
810 499 863 543 ου’
888 501 1075 560 χρῆσθαι
1105 503 1162 557 τῷ
1193 499 1301 557 νόμῳ
1333 504 1378 543 et
1407 501 1470 544 VI
1504 500 1558 543 15
1589 503 1636 558 ἢν
1668 536 1676 543 .
1708 536 1715 543 .
1749 536 1756 543 .

213 573 357 623 οὐδεὶς
384 570 467 622 οἷός
494 572 528 613 τ’
560 572 609 613 ἂν
640 570 699 629 εἴη
731 572 1002 629 ἀποτρέψαι
1028 573 1089 629 μὴ
1121 570 1174 613 οὐ
1208 572 1408 625 γενέσθαι.

329 666 574 710 Proximus
605 664 732 710 locus
766 669 834 710 est
864 667 962 710 eius
993 665 1295 724 proprietatis,
1330 679 1421 722 qua
1443 667 1498 724 μὴ
1521 669 1564 709 et
1586 664 1632 708 οὐ
1654 679 1759 721 par-

212 737 377 782 ticulae
410 740 756 781 commutantur.
819 736 959 781 Velut
990 741 1140 781 exstat
1170 738 1206 781 V
1237 737 1290 780 14
1314 753 1355 766 =
1374 738 1437 780 VI
1465 737 1491 780 2
1515 773 1522 780 .
1550 772 1558 780 .
1583 773 1591 780 .
1617 739 1658 779 εἷ
1681 773 1688 780 .
1715 773 1722 780 .
1750 773 1757 780 .

213 813 352 852 κεῖνται
382 808 501 866 ἡμή,
531 811 637 864 post
665 822 812 864 pauca
843 822 948 852 vero
981 810 1021 850 εἷ
1043 845 1050 851 .
1077 845 1084 852 .
1112 844 1120 852 .
1144 809 1368 850 διδάσκουσι
1392 844 1398 851 .
1426 844 1433 851 .
1460 844 1467 851 .
1492 808 1520 866 ἢ
1541 807 1604 851 οὔ.
1660 806 1759 851 Hoc

214 883 436 936 quantum
467 878 599 922 video
632 880 681 921 in
707 879 930 935 perpolito
952 878 1106 922 Attico
1129 892 1335 922 sermone
1356 879 1629 921 inusitatum
1652 882 1757 922 erat.

213 949 346 992 Plato
393 949 577 1004 quidem
622 952 666 992 et
702 947 966 1005 Xenophon
1009 948 1136 992 hunc
1173 962 1308 992 usum
1347 948 1630 1002 exhibent2),
1679 949 1759 992 sed

214 1018 360 1063 eidem
391 1032 485 1062 non
514 1019 547 1061 ii
578 1022 698 1070 sunt,
731 1033 758 1062 a
790 1019 956 1075 quibus
987 1019 1104 1063 bene
1126 1014 1279 1063 Attice
1312 1019 1491 1063 dicendi
1521 1020 1635 1063 ratio
1665 1020 1759 1063 dis-

215 1093 351 1133 catur.
415 1088 553 1132 Illum
585 1089 727 1141 enim,
759 1094 809 1132 ut
840 1090 1077 1133 sententiis
1110 1090 1203 1132 suis
1235 1090 1452 1142 maiorem
1486 1090 1758 1144 dignitatem

213 1160 574 1216 gravitatemque
607 1160 804 1212 adderet,
837 1161 1087 1216 priscorum
1120 1160 1315 1215 vestigia
1346 1163 1636 1204 consecutum
1662 1174 1758 1204 esse

177 1234 179 1236 ’
213 1244 346 1274 nemo
378 1231 578 1284 ignorat;
611 1229 747 1282 hunc,
781 1232 952 1287 quippe
982 1232 1058 1287 qui
1085 1233 1261 1282 ,,πολλῶν
1282 1232 1508 1288 ἀνθρώπιον
1529 1230 1609 1273 ἵὸεν
1631 1232 1758 1273 ἄστεα

215 1303 277 1343 καὶ
297 1299 386 1342 νόον
417 1300 562 1355 ἔγνω,
595 1314 650 1344 ex
683 1302 874 1345 diversis
907 1301 1111 1345 dialectis
1144 1300 1418 1345 conflavisse
1450 1315 1582 1345 suam
1611 1300 1759 1344 elocu-

214 1372 384 1414 tionem
422 1370 554 1414 facilc
592 1375 662 1414 est
699 1372 757 1414 ad
793 1373 1172 1428 perspiciendum.
1248 1370 1374 1424 Quae
1412 1385 1515 1414 cum
1552 1372 1617 1414 ita
1655 1372 1760 1421 sint,

214 1455 307 1485 non
344 1455 503 1485 verum
541 1441 765 1496 attingere
803 1441 919 1485 mihi
950 1442 1161 1486 videntur
1192 1441 1497 1497 grammatici,
1536 1441 1761 1498 imprimis

215 1511 497 1566 Madvigius,
521 1526 624 1556 cum
647 1513 788 1556 Attici
810 1514 1030 1557 sermonis
1054 1512 1264 1569 exempla
1285 1513 1450 1556 totiens
1473 1511 1761 1567 Thucydidis

215 1581 422 1626 Platonis
443 1582 769 1639 Xenophontis
799 1583 991 1627 aliorum
1012 1583 1276 1627 huiusmodi
1299 1583 1466 1638 scripta
1487 1586 1759 1638 proponunt.

216 1651 307 1695 Sed
345 1653 500 1696 redeat
538 1654 658 1696 unde
696 1654 924 1697 aberravit
962 1655 1115 1698 oratio.
1186 1652 1414 1709 Equidem
1453 1666 1509 1695 ex
1547 1654 1610 1696 eis
1647 1665 1762 1708 quae

214 1721 479 1777 Kuehner3)
519 1722 649 1767 affert
686 1723 910 1780 exemplis
949 1723 1113 1778 colligo
1150 1723 1278 1766 illam
1316 1722 1363 1765 ου’
1402 1729 1446 1766 et
1477 1725 1533 1780 μὴ
1564 1723 1763 1779 particu-

214 1792 362 1836 larum
389 1794 745 1837 inconstantiam
765 1794 1006 1851 praecipue
1029 1793 1360 1850 antiquioribus
1383 1793 1642 1836 auctoribus
1665 1806 1762 1836 esse

215 1864 518 1907 tribuendam.
582 1864 681 1907 Iam
711 1877 954 1920 pergamus
987 1864 1197 1919 exempla
1227 1864 1510 1919 perlustrare.
1574 1863 1762 1919 Proprie

217 1932 547 1978 conformatum
575 1935 783 1978 invenies
804 1935 841 1977 V
861 1933 918 1977 66
935 1936 991 1992 μὴ
1015 1970 1022 1977 .
1049 1970 1056 1977 .
1083 1970 1090 1978 .
1115 1936 1200 1990 ἐμοὶ
1221 1934 1371 1992 venja-qve
1393 1937 1434 1976 τὸ
1457 1935 1609 1991 ἄπορον
1631 1937 1757 1981 τοῦτο,

216 2006 256 2045 ἐν
286 2005 322 2061 ᾧ
347 2007 456 2063 μηδ’
489 2007 538 2046 ἂν
568 2008 678 2047 αὐτοὶ
708 2007 934 2062 ηὐπορεῖτε;
967 2005 1014 2046 in
1037 2006 1273 2047 enuntiato
1295 2003 1485 2047 relativo
1508 2018 1602 2047 non
1623 2017 1761 2056 gene-

216 2074 358 2118 ralem
390 2075 665 2119 sententiam
697 2074 905 2126 subesse,
944 2075 1023 2118 sed
1061 2075 1115 2118 de
1146 2088 1239 2117 una
1271 2087 1412 2130 eaque
1444 2077 1566 2117 certa
1596 2066 1644 2117 re
1675 2073 1762 2116 dici

216 2158 349 2187 nemo
387 2159 481 2188 non
516 2147 663 2200 primo
702 2145 864 2188 obtutu
902 2146 1037 2188 videt.
1095 2144 1193 2187 vSed
1237 2146 1445 2195 „sowie4)
1487 2148 1597 2187 statt
1627 2147 1684 2186 ὅτι
1715 2144 1762 2185 οὐ

217 2213 280 2259 oft
310 2217 345 2259 εἷ
369 2217 425 2275 μὴ
456 2215 708 2271 gebraucht
738 2215 865 2269 wird,
897 2230 1033 2261 wenn
1063 2215 1143 2260 der
1164 2213 1325 2259 Grund
1347 2213 1643 2271 allgemeiner
1664 2212 1763 2259 auf-

217 2285 391 2339 gefasst
420 2288 550 2339 Wird,
584 2287 751 2331 ebenso
782 2288 896 2329 Wird
928 2286 1048 2330 auch
1081 2286 1146 2330 oft
1176 2288 1220 2336 ὃς
1233 2289 1289 2344 μὴ
1313 2302 1354 2315 =
1378 2289 1483 2344 εἰμὴ
1506 2290 1616 2329 statt
1637 2288 1694 2327 ὅτι
1715 2288 1761 2328 οὐ

219 2356 513 2410 gebraucht“.
553 2358 656 2403 Huc
671 2359 902 2415 pertinent
917 2360 954 2402 V
970 2357 1026 2402 65
1044 2360 1128 2414 ἐμοὶ
1139 2359 1212 2414 μὲν
1231 2360 1307 2415 γὰρ
1325 2361 1380 2414 τῷ
1392 2360 1452 2415 μὴ
1470 2358 1716 2414 εἶργασμένῳ
1729 2358 1761 2407 5)

312 2486 339 2530 ¹)
367 2487 413 2521 cf.
433 2488 654 2531 Seyffert-v.
673 2488 881 2530 Bamberg‚
904 2488 1178 2531 Hauptregeln
1197 2487 1232 2521 d.
1248 2497 1304 2529 gr.
1321 2488 1485 2531 Syntax,
1508 2488 1641 2524 Berlin
1662 2486 1762 2527 1893,

219 2542 273 2576 23.
292 2544 350 2585 A„
375 2545 397 2588 ξ
419 2545 485 2579 157
512 2547 529 2579 1
558 2546 582 2579 b
608 2559 641 2579 α.

312 2601 340 2646 2)
367 2603 414 2637 cf.
441 2604 641 2647 Kuehner,
665 2606 689 2639 l.
707 2606 730 2639 l.
757 2616 794 2648 p.
813 2604 880 2638 749
909 2604 1024 2639 Anm.
1046 2605 1076 2638 1.

313 2659 340 2704 3)
368 2662 391 2694 l.
411 2662 434 2696 1.
460 2673 498 2705 p.
517 2663 584 2697 749
612 2663 727 2697 Anm.
749 2664 778 2696 1.

312 2717 340 2762 ⁴²)
368 2719 556 2755 Kuehner
581 2723 604 2756 l.
624 2722 647 2755 1.
673 2732 709 2765 p.
728 2720 806 2755 745.

313 2776 340 2818 ⁵)
364 2769 553 2814 Kuehner
577 2791 613 2824 p.
632 2781 701 2815 756
719 2780 835 2814 Anm.
854 2781 892 2815 3:
932 2781 1086 2822 „Wenn
1114 2780 1183 2813 das
1201 2780 1372 2821 Partieip
1400 2779 1513 2812 einen
1532 2778 1669 2812 Grund
1693 2787 1759 2810 an-

219 2834 337 2877 giem,
355 2836 464 2872 steht
489 2838 795 2880 gewohnlich
821 2839 911 2873 ow

1587 2893 1619 2919 3.
