1963 3126
863 223 1095 261 —44-

206 324 482 377 inserantur,
516 325 685 382 quibus
714 340 771 370 ne
800 327 1041 370 minimum
1071 328 1256 384 quidem
1280 328 1392 372 insit
1413 330 1638 374 contrarii.
1691 329 1762 374 Ita

208 392 274 447 fit,
306 398 358 438 ut
389 396 550 439 eodem
583 410 670 452 quo
703 399 867 439 τε-καὶ
887 396 1077 442 voculae
1098 397 1285 443 munere
1306 398 1569 454 fungantur.
1622 397 1763 444 Velut

206 465 243 507 V
280 464 334 509 31
377 467 647 522 κατεψεύσατό
680 484 778 523 μου,
817 466 887 526 τὴν
913 469 987 523 μὲν
1017 469 1247 526 ἐλευθερίαν
1277 470 1433 520 ἐλπίσας
1460 469 1658 519 οἴσεσθαι,
1697 474 1765 529 τῆς

207 536 253 578 δὲ
295 537 477 590 βασάνου
519 539 575 588 εἷς
609 540 651 579 τὸ
690 539 1219 597 παραχρῆμα-’βουλόμενος
1253 540 1518 599 ἀπηλλάχθαι.
1586 539 1762 584 Eadem

207 606 322 649 ratio
355 608 693 663 quodammodo
716 610 840 651 cerni
862 612 1015 664 potest
1036 610 1085 652 in
1107 610 1144 652 V
1165 609 1221 653 79
1243 611 1457 667 ἠλλάξαντο
1474 612 1548 666 μὲν
1562 642 1572 651 .
1589 641 1598 652 .
1615 642 1625 652 .
1649 628 1760 652 κακο-

208 677 422 731 δαιμονίαν,
455 679 610 720 ἐπεῖδον
636 679 687 720 ’ὃὲ
718 681 785 737 τὴν
812 681 963 728 ἑαυτῶν
993 680 1162 736 πατρίδα
1184 682 1407 722 ἀνάστατον
1430 681 1648 738 γενομένην,
1682 680 1762 724 sed

208 747 284 801 qui
315 747 543 800 genuinus
574 761 720 791 nexus
751 749 1021 800 intercedat,
1054 748 1172 792 infra
1204 747 1458 793 disseretur.
1522 749 1763 793 Praeterea

207 817 270 859 VI
292 816 348 859 45
381 819 630 873 ἐπιστάμενοι
655 819 729 874 μὲν
760 819 850 868 τοὺς
879 820 1042 874 νόμους.
1060 851 1069 859 .
1086 851 1110 866 .,
1144 822 1316 876 ὁρῶντες
1344 820 1382 860 δ’
1414 821 1484 875 ἐμὲ
1503 821 1758 873 βουλεύοντα.

325 898 479 954 Magis
511 914 618 944 vero
652 901 925 957 conspicuus
959 904 1028 945 est
1057 900 1133 945 hic
1164 915 1274 945 usus
1307 903 1354 945 in
1378 901 1562 946 tetrall:
1596 903 1648 946 II
1670 920 1696 944 α
1721 902 1759 953 1,

209 969 308 1020 3-4;
341 969 485 1021 6,4-6;
520 970 638 1022 11,3;
673 988 697 1025 γ
718 971 887 1023 1Ο,1-2;
918 973 997 1015 111
1020 989 1045 1013 α
1067 971 1157 1023 2,4;
1180 972 1243 1015 IV
1265 989 1291 1014 α
1313 971 1454 1023 2,·7-8ς
1475 973 1508 1027 β
1525 972 1662 1024 7,3-4,
1684 972 1763 1015 ubi

212 1040 461 1094 singularis
494 1045 746 1085 structurae
777 1041 1072 1096 neglegentia
1103 1042 1379 1086 observatur.

327 1122 481 1178 Atque
521 1124 659 1167 etiam
690 1123 834 1167 verba
864 1125 967 1180 ipsa
999 1124 1081 1168 tali
1113 1125 1249 1167 modo
1282 1123 1553 1180 copulantur
1573 1126 1625 1168 Π
1649 1124 1764 1179 γ8,4

208 1193 368 1243 εἰκότως
391 1195 464 1249 μὲν
496 1195 663 1244 ἀνοσίως
691 1195 737 1236 δὲ
769 1198 814 1237 et
832 1196 923 1238 ‘III
957 1212 981 1248 γ
1001 1194 1121 1246 5,4-5
1155 1196 1312 1253 ἁπάσης
1335 1196 1409 1250 μὲν
1435 1199 1505 1253 γῆς
1523 1196 1761 1252 ἁμαρτόντα,

209 1264 361 1304 πάντων
393 1264 438 1305 δὲ
469 1265 674 1320 σωμάτων.

297 1394 299 1396 ,
326 1344 403 1388 Ab
441 1344 530 1389 hoc
561 1360 648 1389 usu
679 1347 884 1402 proxime
917 1345 1047 1389 abest
1077 1347 1130 1398 is,
1159 1360 1251 1402 *quo
1278 1348 1459 1403 μὲν-δὲ
1488 1346 1626 1390 verbo
1659 1360 1762 1390 cum

208 1413 447 1472 anaphora
470 1414 712 1473 dupliciter
731 1416 880 1472 posito
904 1416 1149 1459 adduntur.
1194 1415 1316 1460 Nam
1341 1430 1394 1460 ea
1415 1419 1483 1460 est
1500 1414 1763 1473 anaphorae

208 1486 344 1536 ratio,
389 1491 440 1529 ut
481 1487 572 1530 duo
612 1487 850 1530 enuntiata
889 1488 986 1530 sive
1023 1487 1229 1530 membra
1265 1501 1355 1531 uno
1393 1487 1532 1530 verbo
1571 1488 1762 1542 repetito

208 1557 328 1600 inter
360 1570 408 1600 se
441 1557 723 1613 copulentur.
784 1556 976 1600 Ponitur
1009 1561 1162 1601 autem
1193 1556 1307 1600 haec
1337 1556 1500 1611 figura,
1537 1558 1762 1614 „quando,

210 1631 260 1669 ut
298 1628 364 1670 ait
395 1627 569 1683 Aquila
599 1626 839 1671 Romanus
879 1642 913 1670 c.
947 1628 1022 1678 34,
1062 1628 1305 1683 praecipue
1345 1631 1388 1671 et
1424 1628 1513 1683 ipsi
1551 1628 1764 1671 commoti

210 1698 355 1741 videri
387 1697 549 1741 volunt
581 1702 782 1741 oratores
816 1702 859 1740 et
890 1698 1085 1741 iudicem
1119 1697 1401 1741 commovere
1416 1700 1490 1751 1)“.
1545 1698 1621 1741 Ad
1648 1712 1763 1754 quae

210 1766 531 1811 Rehdantzius
562 1769 611 1810 in
642 1768 791 1811 indice
822 1767 863 1819 Ι,
902 1782 944 1823 p.
973 1767 1070 1818 159,
1109 1768 1238 1811 addit
1268 1768 1443 1811 minore
1473 1767 1764 1811 vehementia

212 1852 311 1881 esse
343 1838 389 1880 id
420 1852 584 1892 genus,
619 1839 741 1894 quod
768 1837 951 1894 μὲν-δὲ
982 1838 1217 1893 particulis
1246 1837 1558 1881 conformetur.
1612 1837 1764 1894 Atque

210 1909 257 1950 id
291 1908 492 1964 quidem,
524 1912 575 1950 ut
605 1908 727 1951 idem
759 1906 1077 1951 Rehdantzius
1101 1908 1211 1951 scite
1234 1906 1502 1959 enucleavit,
1536 1908 1661 1962 apud
1684 1921 1764 1963 op-

209 1980 347 2022 timos
381 1983 581 2023 oratores
613 1983 793 2035 praeter
814 1977 1175 2022 Demosthenem
1208 1978 1350 2021 rarius
1373 1978 1617 2022 invenitur.
1672 1976 1763 2021 Sed

210 2050 249 2093 si
288 2050 387 2106 quis
427 2064 651 2105 magnum
696 2048 829 2093 illum
867 2047 1190 2093 Demosthenis
1229 2048 1484 2093 orationum
1522 2045 1763 2092 n‘umerum

212 2134 315 2163 cum
348 2120 662 2176 exemplorum
695 2121 827 2176 copia
860 2119 1204 2175 comparaverit,
1237 2133 1295 2162 ne
1317 2119 1443 2174 apud
1464 2118 1590 2162 hunc
1610 2119 1764 2175 ipsum

211 2191 394 2247 quidem
426 2191 540 2234 illud
572 2191 710 2234 nimis
743 2190 1018 2246 frequentari
1039 2182 1239 2244 ingenue
1260 2188 1485 2232 fatebitur.
1537 2189 1635 2232 Iam
1657 2187 1764 2232 vero

213 2276 301 2317 quo
325 2262 474 2304 studio
498 2260 743 2316 Antiphon
766 2260 874 2303 huic
890 2261 1045 2314 generi
1061 2260 1311 2314 indulgeat,
1334 2273 1390 2302 ex
1405 2259 1479 2302 his
1497 2259 1718 2315 exemplis
1728 2260 1763 2314 2)

210 2332 453 2387 insigniter
491 2331 706 2376 elucebit:
746 2333 781 2375 V
818 2330 870 2375 12
909 2333 1113 2388 ἀνώμοτος
1143 2331 1216 2387 μὲν
1237 2357 1295 2361 «-
1317 2332 1376 2372 ἀν.
1419 2331 1483 2381 ὂὲ;
1520 2329 1578 2373 45
1617 2331 1765 2388 νύκτωρ

206 2405 371 2459 μὲν-ν.
406 2405 470 2453 ὃὲς
503 2403 560 2446 54
591 2404 883 2460 διάφορον-ὃ.
918 2403 963 2443 δὲ
996 2402 1069 2456 (cf.
1092 2415 1134 2457 p.
1158 2401 1217 2444 42
1239 2402 1297 2444 ad
1322 2400 1362 2443 V
1385 2401 1483 2455 54);
1516 2401 1577 2443 VI
1602 2400 1658 2443 25
1690 2402 1766 2443 εἷεν

205 2475 417 2530 μὲν-εἷεν
448 2475 494 2515 δὲ
526 2477 569 2516 et
598 2478 704 2529 post
736 2486 884 2528 pauca
914 2472 1016 2530 ἐξεέο
1042 2473 1230 2527 μὲν-ἐξ.
1264 2472 1322 2513 δὲ.

308 2617 334 2660 1)
363 2617 409 2650 cf.
437 2619 710 2658 conspectum,
744 2626 860 2658 quem
892 2615 1161 2649 Rehdantzius
1195 2614 1356 2666 praebet
1388 2614 1429 2646 in
1463 2613 1593 2654 „Dem.
1620 2614 1640 2646 9
1666 2609 1765 2646 Phil.

212 2675 385 2717 Reden“,
411 2675 490 2708 ind.
518 2675 548 2716 I,
572 2684 608 2717 p.
630 2674 707 2708 158.

307 2746 335 2790 2)
365 2745 593 2781 Omittenda
618 2749 711 2779 sunt
738 2755 793 2787 ea,
819 2755 919 2788 quae
945 2745 1092 2788 ubique
1119 2745 1213 2778 satis
1240 2744 1331 2777 trita
1357 2746 1467 2776 sunt:
1500 2742 1624 2776 πολλοὶ
1649 2743 1766 2784 μὲν*

213 2819 247 2839 π.
275 2806 325 2848 δὲ,
351 2805 436 2839 τοτὲ
459 2805 525 2846 μὲν
541 2817 629 2838 -τ.
657 2803 697 2838 δὲ
723 2804 771 2836 al.
