1963 3126
878 205 1113 243 —36-

227 313 271 353 et
295 310 357 353 'II
388 310 421 363 β
440 309 477 352 4
508 310 633 352 ἄθλια·
661 345 669 353 .
706 344 715 353 .
751 344 759 353 .
799 312 939 369 πάσχω
971 311 1032 367 μὴ
1063 310 1353 364 ἀπολογεῖσθαι
1378 312 1501 366 μόνον
1531 312 1774 368 βιαζόμενος.

226 377 446 429 Omnium
482 393 591 423 vero
628 379 830 424 maxime
868 379 1060 424 offendit
1091 381 1128 424 V
1161 380 1236 431 21,
1281 379 1360 423 ubi
1397 381 1525 424 codd.
1561 380 1779 425 exhibent

225 453 420 500 σκοπεῖτε,
465 452 536 492 ὅτι
568 451 631 508 μὴ
669 451 835 509 προνοίᾳ
865 453 1016 507 μᾶλλον
1052 451 1223 505 ἐγίγνετο
1261 450 1284 508 ἢ
1323 451 1430 509 τύχῃ.
1499 449 1634 503 Quod
1673 451 1778 507 quja

225 520 389 563 criticis
426 534 520 563 non
557 521 883 574 grammaticae
921 524 1173 564 structurae
1216 519 1458 564 subtilitati
1502 522 1777 564 conveniens

223 589 486 642 videbatur,
523 590 670 635 textui
700 590 927 635 medelam
959 589 1119 635 afferre
1151 591 1301 634 conati
1332 594 1449 634 sunt.
1518 588 1700 648 Quain
1730 605 1777 635 re

225 676 407 705 omnem
445 676 629 718 operam
666 663 971 718 perdiderunt.
1036 662 1157 707 Nam
1196 676 1250 706 ea
1287 676 1376 719 qua
1407 661 1652 718 Antiphon
1684 666 1779 706 erat

224 735 373 782 aetate
411 732 632 776 dialectus
663 732 820 777 Attica
856 734 905 776 in
944 733 1116 777 oriendi
1154 733 1472 790 crescendique
1512 733 1777 776 condicione

222 802 507 852 versabatur,
538 804 604 846 ita
634 806 687 846 ut
717 803 927 846 nondum
954 804 1064 847 ratis
1091 802 1324 860 firmisque
1350 802 1519 858 regulis
1546 804 1774 848 niteretur.

224 870 375 925 Quare
406 885 647 928 perperam
680 876 825 926 agunt
857 873 1013 924 critici,
1046 887 1147 915 cum
1171 886 1248 916 eas
1270 874 1410 928 leges,
1443 874 1501 916 ad
1524 886 1636 929 quas
1659 873 1777 929 opti-

222 932 403 985 morum
442 946 677 985 auctorum
716 943 858 985 oratio
898 943 1148 998 composita
1188 933 1276 994 est,
1322 944 1459 986 etiam
1498 941 1777 1000 Antiphonti

225 1011 466 1055 obtrudere
498 1012 697 1055 student.
747 1010 887 1055 Velut
911 1011 1146 1056 Maetzner
1176 1012 1443 1070 simpliciter
1459 1015 1515 1072 μὴ
1537 1013 1586 1056 in
1609 1015 1655 1056 οὐ
1676 1027 1776 1056 mu-

224 1083 361 1133 tavit;
401 1081 612 1125 Blassius
644 1081 808 1125 Jebbio
849 1086 1032 1126 auctore
1065 1085 1256 1126 correxit
1288 1086 1355 1139 (οὐ
1377 1087 1422 1141 τῇ
1444 1085 1558 1141 ε’)μῇ.
1628 1083 1775 1127 Immo

225 1165 281 1195 ex
311 1152 621 1196 inconstantia
651 1151 745 1203 illa,
779 1165 917 1208 quam
949 1165 1089 1209 supra
1110 1153 1318 1205 tractavi,
1350 1153 1460 1197 satis
1483 1152 1691 1205 efficitur,
1724 1158 1775 1197 ut

219 1221 312 1265 hoc
342 1221 442 1265 loco
468 1224 525 1278 μὴ
554 1222 780 1277 particula
811 1236 945 1266 suum
976 1222 1147 1266 habeat
1176 1223 1388 1278 loeum1).

777 1678 845 1720 ΙΙ.
883 1678 1221 1721 Disiunctivae.

713 1782 1285 1838 fidisi'unctivum.

342 1888 367 1945 ἦ
404 1887 655 1943 particulae
694 1887 933 1941 vulgarem
969 1888 1191 1931 rationem
1229 1902 1329 1931 eam
1362 1902 1460 1931 esse
1493 1892 1687 1940 constat,
1725 1894 1774 1932 ut

224 1958 462 2001 enuntiata
494 1958 709 2001 eorumve
739 1957 946 2000 membra
978 1961 1233 2014 componat„
1266 1970 1382 2013 quae
1407 1957 1600 2006 alterum
1623 1958 1774 2000 exclu-

224 2030 336 2071 dant
367 2028 572 2071 alterum.
637 2028 878 2072 Praeterea
909 2033 1062 2071 autem
1093 2028 1227 2071 binas
1258 2030 1468 2071 notiones
1501 2029 1773 2082 coniungere

224 2096 353 2150 solet,
386 2110 579 2155 quarum
611 2101 714 2142 utra
744 2102 943 2155 ponatur
972 2098 1020 2141 in
1051 2098 1201 2142 medio
1233 2097 1558 2154 relinquitur2).
1606 2097 1661 2140 In
1684 2111 1772 2154 quo

222 2182 389 2222 genere
420 2167 508 2211 hoc
539 2168 563 2226 ἢ
594 2168 721 2212 haud
757 2183 857 2212 raro
896 2170 1131 2212 commode
1171 2172 1233 2211 καὶ
1271 2167 1436 2212 vocula
1471 2171 1622 2223 potest
1653 2183 1773 2212 com-

222 2238 400 2282 mutari.
434 2252 437 2255 ’
484 2237 640 2295 Atque
695 2237 771 2283 hic
823 2239 1006 2295 quidem
1058 2252 1167 2282 usus
1219 2236 1523 2295 Antiphontis
1574 2238 1774 2282 maxime

206 2311 433 2365 >proprius
466 2314 546 2353 est.
600 2309 721 2353 Nam
752 2309 840 2353 hoc
870 2311 1005 2353 modo
1039 2314 1188 2353 orator
1211 2309 1342 2353 illam
1364 2322 1495 2352 suam
1517 2312 1773 2353 accuratam

224 2384 268 2422 et
314 2378 531 2422 subtilem
576 2381 751 2436 periodi
796 2381 996 2436 partium
1039 2380 1379 2423 distinctionem
1419 2381 1463 2422 et
1503 2378 1773 2423 divisionem

224 2449 498 2503 assequitur,
536 2449 591 2491 de
624 2462 713 2504 qua
744 2449 791 2491 in
824 2452 886 2491 καὶ
916 2447 1081 2492 vocula
1113 2449 1466 2493 commentanda
1496 2450 1769 2492 monuimus.

224 2516 365 2560 Cuius
402 2519 581 2570 generis
620 2522 726 2560 sunt
761 2520 786 2561 I
822 2518 896 2570 4‚4
934 2521 1033 2575 πρὸς
1068 2519 1173 2568 τίνας
1205 2518 1273 2560 οὖν
1304 2517 1402 2573 ἔλθῃ
1434 2533 1488 2567 τις
1515 2518 1710 2576 βοηθούς,
1748 2520 1772 2577 ἢ

224 2591 292 2629 ποῖ
318 2586 387 2645 τὴν
419 2587 648 2645 καταφυγὴν
679 2590 896 2646 ποιήσει-αις
932 2587 1100 2640 10,8-9;
1132 2588 1254 2640 26,7;
1287 2588 1324 2630 V
1348 2586 1501 2638 385·ss
1533 2589 1567 2630 εἷ
1598 2620 1607 2629 .
1632 2620 1641 2630 .
1665 2620 1674 2630 .
1708 2592 1773 2631 τὸν

319 2716 345 2759 ¹)
372 2715 659 2751 Jernstedtium
685 2716 816 2759 ipsum
843 2726 999 2759 quoque
1026 2718 1079 2750 ὅτι
1104 2718 1155 2762 μὴ
1181 2717 1390 2750 retinuisse
1416 2716 1580 2758 gaudeo.

317 2774 345 2818 2)
373 2775 420 2808 cf.
446 2775 647 2816 Kuehner,
673 2775 739 2808 1.1.
765 2785 801 2817 p.
821 2774 901 2817 836,
926 2776 958 2808 2.
