1963 3126
854 266 1090 305 —19-

194 373 471 430 spectaveris
509 374 611 422 εἰκὸς
641 374 718 429 γὰρ
733 404 742 413 .
759 404 769 413 .
786 403 810 420 .,
839 372 963 429 οὗπερ
985 373 1021 413 οἱ
1042 372 1248 421 διώκοντες
1267 371 1403 431 ἔτυχον
1425 372 1518 414 ἄνευ
1540 372 1740 429 αἰτήσεως,

196 445 340 501 ...τὴν
376 443 564 499 ἀκρόασιν
601 443 789 501 ὑπάρχειν
826 444 901 483 καὶ
937 445 1016 492 τοῖς
1043 443 1247 499 φεύγουσα
1279 442 1360 484 sed
1396 441 1740 496 „umgekehrt¹)

197 515 276 557 der
312 511 598 567 griechisehe
636 510 979 556 Schriftsteller:
1020 513 1194 556 seinem
1232 511 1402 555 Gefiihl
1440 513 1608 567 drangt
1644 512 1743 556 sich

195 584 263 628 als
295 582 475 635 Erstes,
514 581 583 627 als
617 583 700 627 das
733 588 914 640 ,πρῶτον
945 586 1044 641 πρὸς
1072 584 1232 635 αὐτόν“,
1266 584 1348 627 das
1384 582 1629 626 Bediirfnis
1663 584 1743 627 des

194 654 452 697 Momentes
492 652 590 705 auf,
626 654 724 696 und
761 667 810 696 so
848 653 984 696 kehrt
1016 667 1063 697 er
1093 654 1142 696 in
1174 654 1554 709 anticipierender
1588 652 1743 697 Weise

195 726 276 769 das
314 723 574 768 natiirliehe
612 726 677 782 (τῇ
714 725 844 781 φύσει)
882 722 1151 768 Verhaltnis
1191 724 1270 768 der
1301 723 1582 779 Satzglieder
1619 730 1740 768 um“.

195 795 404 838 Eandem
441 795 663 838 rationem
701 795 949 850 reperimus
981 796 1018 838 V
1049 795 1102 838 51
1137 798 1199 837 καὶ
1225 797 1298 851 μὲν
1330 794 1380 853 δὴ
1413 797 1460 836 τὰ
1492 797 1538 843 ἐξ
1565 795 1648 837 ἴσου
1683 812 1741 848 γε·

195 868 336 923 νόμενα
375 870 442 908 τοῦ
480 867 692 922 φεύγοντάς
726 867 805 907 ἐστι
841 857 985 908 μᾶλλον
1023 866 1047 924 ἢ
1085 869 1152 907 τοῦ
1191 867 1410 915 διώκοντος,
1449 865 1559 923 εἴπερ
1593 883 1637 920 γε
1668 868 1745 907 καὶ

195 942 271 979 τῶν
302 938 444 995 ψήφων
475 939 497 977 ὁ
529 936 700 993 ἀριθμὸς
728 937 775 984 ἐξ
797 935 880 978 ἴσου
905 937 1109 992 γενόμενος
1128 939 1192 978 τὸν
1213 938 1409 993 φεύγοντα
1426 938 1575 992 μᾶλλον
1597 938 1746 993 ὠφελεῖ

194 1008 218 1065 ἢ
251 1011 315 1049 τὸν
347 1008 549 1049 διώκοντα.
602 1005 702 1049 Hoe
734 1007 855 1049 enim
885 1006 983 1049 loeo
1013 1007 1279 1050 concinnius
1303 1008 1349 1048 τὰ
1372 1008 1418 1054 ἐξ
1435 1006 1742 1062 ὶὶτουγενύμωα,

197 1091 301 1121 eum
332 1078 390 1121 sit
426 1080 494 1129 „rb
526 1078 712 1134 δεύτερον
743 1080 789 1134 τῇ
820 1078 981 1134 ᾳύσει“,
1019 1079 1080 1119 καὶ
1110 1077 1336 1133 particula
1366 1081 1577 1120 notatum
1610 1081 1740 1121 esset.

313 1147 579 1191 Extremam
598 1146 737 1191 affero
755 1148 930 1204 primae
948 1148 1165 1191 orationis
1182 1149 1519 1204 proprietatem,
1534 1161 1625 1204 qua
1638 1151 1743 1204 post

195 1220 439 1263 relativum
471 1222 533 1261 καὶ
562 1219 725 1263 vocula
756 1218 958 1263 infertur.
1021 1218 1122 1272 Qua
1152 1233 1199 1263 re
1231 1217 1498 1274 Kuehner2)
1532 1219 1641 1263 dicit
1673 1220 1744 1263 in-
1794 1224 1797 1225 ’

197 1291 357 1342 dicari,
400 1291 532 1341 „dass
572 1290 651 1333 der
688 1290 878 1333 relative
916 1288 1025 1333 Satz
1063 1293 1203 1333 etwas
1241 1289 1463 1341 enthalte,
1501 1303 1597 1332 was
1639 1290 1743 1332 dem

197 1359 453 1404 Gedanken
487 1361 566 1403 des
594 1359 903 1415 Hauptsatzes
937 1359 1190 1416 entsprieht
1222 1361 1330 1403 oder
1363 1374 1444 1403 aus
1477 1360 1741 1403 demselben

196 1430 350 1484 folgv‘.
412 1429 532 1473 Huic
568 1431 672 1473 usui
707 1433 1059 1473 monumentum
1097 1430 1272 1486 priseae
1310 1430 1432 1473 illius
1470 1434 1741 1485 parataxeos

197 1501 384 1544 subesse
416 1501 615 1552 videtur,
653 1514 784 1556 quae,
817 1515 921 1544 eum
952 1499 1132 1544 relativi
1164 1515 1273 1543 usus
1306 1501 1513 1543 nondum
1544 1501 1617 1543 vel
1649 1515 1743 1544 non

197 1572 308 1615 satis
345 1571 478 1614 tritus
512 1573 644 1623 esset,
676 1571 721 1621 ὃς
749 1572 823 1626 (ὃ),
855 1573 892 1629 ἢ,
926 1572 947 1611 ὃ
979 1570 1153 1614 voeulis
1177 1571 1524 1614 demonstrandi
1545 1571 1641 1614 vim
1661 1572 1742 1614 tri-

195 1641 376 1685 buebat.
439 1640 499 1684 Et
531 1641 698 1696 poteris
730 1640 851 1685 hano
883 1640 1126 1696 copulandi
1157 1641 1252 1684 vim
1285 1654 1459 1693 eruere,
1493 1642 1740 1685 dummodo

196 1711 337 1756 verba
369 1706 718 1766 transposueris.
773 1710 958 1755 Etenim
989 1713 1014 1755 I
1047 1710 1104 1755 20
1135 1714 1156 1752 ὁ
1188 1713 1234 1754 δὲ
1265 1711 1394 1770 πατὴρ
1426 1714 1448 1752 ο
1476 1713 1667 1769 ἡμέτερος
1691 1715 1746 1762 εἷς

199 1784 311 1823 νόσον
342 1783 525 1828 ἐμπίπτει,
559 1783 611 1828 ἐξ
635 1782 687 1839 ἧς
717 1784 790 1822 καὶ
821 1784 998 1823 ἀπώλετο
1031 1784 1249 1831 εἷκοσταῖος
1278 1786 1554 1824 commutata
1576 1784 1623 1826 in
1654 1785 1675 1822 ὁ
1698 1783 1744 1824 32-

197 1852 326 1911 πατὴρ
341 1884 350 1893 .
367 1885 377 1894 .
394 1884 403 1894 .
437 1854 511 1894 καὶ
542 1853 596 1899 ἐξ
620 1852 674 1909 ἧς
699 1855 761 1905 (=
785 1853 943 1910 ταύτης)
966 1854 1144 1893 ἀπώλετο
1165 1852 1581 1895 luculentissimum
1603 1854 1747 1903 λέξεως

197 1923 399 1981 εἰρομένης
427 1921 649 1978 praebent
681 1920 953 1977 exemplum.
1009 1920 1283 1965 Confirmari
1314 1926 1466 1965 autem
1496 1926 1629 1978 atque
1652 1927 1744 1966 sta—

196 1993 319 2036 biliri
351 1993 625 2037 sententiam
654 2006 806 2036 meam
837 1997 946 2047 puto
978 1992 1076 2036 loeo
1099 1991 1414 2048 Antiphonteo
1446 1994 1562 2048 ipso,
1595 1994 1741 2049 quiin

196 2064 327 2106 illum
363 2064 617 2119 priscorum
653 2063 843 2106 modum
881 2061 1189 2105 conformatus
1227 2067 1306 2106 est.
1370 2065 1394 2106 I
1429 2062 1481 2106 16
1514 2064 1635 2106 enim
1669 2077 1745 2106 ex-

198 2137 351 2176 aratur
382 2134 430 2175 in
462 2132 694 2176 codicibus
725 2135 862 2190 ἠρώτα
894 2133 962 2174 οὖν
993 2134 1123 2190 αὐτήν,
1161 2135 1195 2174 εἰ
1225 2134 1405 2189 ἐθελήσοι
1437 2134 1666 2190 ὃιακονῆσαὶ
1694 2136 1742 2181 οἱ,

198 2205 271 2245 καὶ
301 2205 369 2262 ἢ3)
402 2204 589 2262 ὑπέσχετο
621 2206 677 2253 ὡς
706 2205 889 2261 τάχιστα,
927 2203 1044 2258 οἶμαι.
1108 2201 1269 2255 Ceteri,
1303 2202 1469 2259 quibus
1502 2207 1651 2247 exstat
1682 2205 1743 2245 καὶ

198 2277 302 2328 post
332 2273 590 2325 relativum,
620 2272 671 2316 hi
703 2276 811 2316 sunt
840 2272 946 2316 loei:
979 2273 1004 2315 I
1035 2271 1062 2315 6
1095 2276 1139 2315 et
1170 2272 1239 2315 22.

847 2475 993 2514 καὶ-
1010 2475 1094 2514 καὶ.

316 2566 499 2607 καὶ-καὶ
529 2564 781 2621 particulis,
813 2569 864 2608 ut
894 2564 981 2609 hoe
1003 2565 1268 2609 summatim
1290 2579 1532 2622 exponam,
1564 2565 1622 2609 ab
1645 2565 1744 2608 An-

198 2632 409 2687 tiphonte
446 2635 572 2678 haud
604 2649 744 2691 aeque
775 2649 948 2689 magna
979 2640 1113 2691 atque
1146 2650 1172 2679 a
1203 2638 1399 2691 posteris
1424 2638 1531 2679 data
1553 2640 1621 2679 est
1642 2650 1744 2690 pro-

295 2727 321 2771 1)
349 2729 395 2763 ef.
423 2730 597 2773 Classen,
621 2731 645 2764 1.
673 2741 702 2765 e.
728 2741 765 2774 p.
784 2730 854 2764 214
879 2741 936 2774 sq.

293 2785 322 2827 2)
348 2788 371 2820 l.
399 2798 429 2820 e.
455 2798 492 2831 p.
511 2789 591 2823 798.

293 2843 321 2888 3)
348 2846 527 2888 Ignatius
553 2849 870 2892 transponendae,
897 2848 968 2881 has
993 2849 1153 2882 voculas
1180 2852 1321 2891 censet,
1346 2848 1491 2881 iniuria
1515 2851 1621 2890 puto.

1573 2905 1604 2930 2·
