1963 3126
350 338 510 374 additur
536 339 762 384 disquisitio

421 399 469 432 de
496 399 776 441 negationibus
839 426 1668 436 ...............
1718 402 1763 436 33

504 468 536 491 a.
565 457 612 491 de
639 458 904 492 cumulatione
954 485 961 491 .
1014 485 1020 491 .
1073 485 1080 492 .
1131 486 1138 493 .
1190 485 1197 492 .
1248 477 1260 500 a,
1307 486 1316 492 .
1366 486 1374 493 .
1425 487 1432 493 .
1456 486 1490 506 ‘.
1543 486 1550 492 .
1602 487 1608 493 .
1662 487 1668 494 .
1719 461 1764 494 33

501 516 536 549 b.
564 517 611 550 de
638 517 754 550 tmesi
777 543 1372 551 ...........
1379 510 1431 552 ³³.
1484 546 1490 552 .
1542 545 1549 551 .
1602 545 1608 551 .
1661 545 1668 552 .
1718 518 1763 552 33

506 586 536 609 c.
565 575 611 609 de
639 575 883 609 abundantia
953 603 1372 610 ........
1382 581 1385 583 ’
1424 603 1668 611 .....
1718 578 1762 611 34

501 634 536 667 d.
564 633 611 666 de
639 634 894 676 neglegentia
921 634 1090 677 quadam
1131 661 1666 669 ..........
1718 635 1762 669 35

227 692 276 725 ΙΙ.
304 691 576 726 Disiunctivae

421 753 442 796 ἢ
469 751 754 786 disiunctivum
776 779 1666 787 ................
1718 753 1762 786 36

421 812 442 855 ἢ
469 811 782 854 comparativum
835 838 1666 846 ...............
1717 811 1762 845 37

421 868 494 903 εἴτε
508 889 552 893 -
568 868 641 903 εἴτε
656 897 1663 904 ..................
1715 870 1761 903 38

208 927 275 960 ΙΙΙ,
302 927 591 962 Adversativae

420 987 512 1020 ἀλλὰ

503 1056 535 1078 a.
563 1047 683 1079 οὐκ-
699 1046 790 1080 ἀλλὰ
836 1072 1665 1080 ...............
1717 1045 1761 1079 38

498 1104 533 1137 b.
561 1105 603 1138 οὐ
628 1104 901 1145 μόνον-ἀλλά
927 1106 981 1138 καὶ
1012 1131 1665 1139 ............
1716 1104 1759 1137 39

422 1162 462 1196 δὲ

503 1231 534 1255 a.
562 1221 604 1254 in
629 1221 930 1255 transitionibus
954 1248 1665 1256 .............
1716 1221 1760 1254 39

499 1279 534 1312 b.
562 1279 602 1312 δὲ
628 1289 707 1313 non
732 1281 993 1322 praecedente
1018 1281 1083 1321 μὲν
1129 1305 1665 1313 ..........
1715 1279 1760 1311 42

420 1337 484 1378 μὲν
498 1357 542 1360 -
558 1338 598 1371 δὲ

503 1406 534 1428 a.
561 1395 603 1429 in
630 1395 817 1430 antithesi
897 1422 1665 1429 ..............
1714 1394 1761 1427 43
1810 1418 1815 1423 .

499 1453 534 1486 b.
562 1452 609 1486 de
636 1464 712 1486 usu
737 1454 960 1496 copulativo
1013 1479 1665 1486 ............
1715 1452 1760 1485 44

507 1522 536 1545 c.
564 1512 605 1546 in
633 1512 927 1546 enumeratione
955 1539 1665 1547 .............
1714 1510 1759 1545 45

500 1570 535 1603 d.
561 1570 627 1611 μὲν
652 1580 733 1603 non
760 1574 948 1613 sequente
976 1571 1015 1604 δὲ
1072 1596 1665 1603 ...........
1714 1569 1759 1602 46

505 1638 535 1662 e.
563 1628 604 1661 in
630 1628 863 1662 transitione
896 1655 1665 1662 ..............
1714 1628 1760 1662 48

511 1687 536 1721 f.
564 1688 611 1721 de
637 1680 834 1721 structura
859 1688 1097 1729 paratactica
1127 1713 1664 1720 ..........
1714 1686 1759 1719 48

497 1755 534 1787 g.
563 1745 611 1778 de
637 1746 889 1779 collocatione
952 1771 1665 1778 .............
1714 1744 1758 1777 49

417 1805 497 1849 μὴν,
529 1817 569 1849 γε
593 1801 673 1849 μὴν,
700 1804 785 1838 οὐδὲ
802 1801 881 1850 μὴν,
901 1805 943 1837 οὐ
961 1801 1030 1850 μὴν
1048 1804 1150 1846 ἀλλὰ,
1169 1803 1260 1837 ἀλλὰ
1277 1801 1356 1849 μὴν,
1375 1803 1430 1836 καὶ
1447 1801 1527 1848 μὴν,
1545 1804 1665 1844 μέντοι

562 1874 674 1895 >meroe

501 1931 533 1954 a.
561 1921 602 1955 in
629 1921 862 1955 universum
890 1946 1662 1954 ..............
1715 1920 1759 1954 50

497 1980 531 2013 b.
559 1981 691 2022 μέντοι,
718 1980 830 2013 καίτοι
889 2006 1663 2013 ..............
1714 1978 1756 2013 51

505 2049 534 2071 c.
562 2038 617 2072 καὶ
633 2052 675 2066 =
691 2038 803 2071 καίτοι
835 2064 1663 2071 ...............
1716 2037 1756 2071 51

208 2097 275 2130 IV.
304 2096 487 2131 Causales

419 2156 488 2200 γὰρ

503 2224 535 2246 a.
563 2215 844 2257 explicativum
890 2240 1663 2249 ..............
1715 2214 1758 2247 52

498 2273 533 2305 b.
560 2273 601 2305 in
627 2273 801 2314 prolepsi
829 2298 1663 2306 ...............
1715 2272 1758 2306 53

506 2340 535 2362 c.
564 2330 611 2363 de
637 2330 707 2375 γὰρ
734 2331 878 2363 omisso
894 2356 1664 2364 ..............
1714 2330 1759 2364 54

420 2390 497 2423 ἐπεὶ
537 2416 1662 2424 ....................
1714 2390 1759 2423 54

222 2449 269 2482 V.
303 2448 564 2483 Conclusivae

418 2506 481 2540 οὖν
539 2533 1663 2541 ....................
1714 2507 1758 2540 55

417 2565 534 2599 τοίνυν
597 2591 1605 2599 ..................
1624 2575 1635 2586 “
1657 2593 1663 2599 .
1714 2565 1757 2599 55
