1963 3126
875 208 1109 247 —30-

216 314 327 354 λύετε
346 315 459 370 ἡμᾶς,
481 312 562 355 ubi
583 312 725 356 verba
745 314 928 367 εὐσέβεια
950 315 1013 355 καὶ
1033 316 1076 354 τὸ
1099 314 1259 362 δίκαιον,
1283 327 1386 356 cum
1406 313 1567 356 itidem
1588 316 1771 368 propter

217 382 335 432 ὁσίως
368 377 435 424 καῖ
468 383 629 438 δικαίως
662 395 794 426 suam
831 386 1073 439 utrumque
1100 382 1315 427 habeant
1347 383 1638 438 dignitatem,
1677 395 1772 426 non

216 456 313 496 tam
344 456 466 497 arcte
499 453 749 508 constringi
781 453 1046 497 debuerunt.

335 522 497 567 Unum
528 527 670 567 restat
701 523 978 580 exemplum,
1011 525 1132 580 quod
1164 526 1366 568 maxime
1394 523 1594 568 offendat
1613 523 1769 578 legen-

216 598 329 647 tem,
367 596 393 638 I
428 595 482 639 14
520 597 620 653 ἀνὴρ
658 597 799 645 καλός
827 612 874 637 τε
906 598 979 637 καὶ
1010 596 1197 650 ἀγαθὸς
1226 598 1288 638 καὶ
1317 598 1443 652 φίλος-ς
1481 594 1589 647 hoc,
1626 600 1677 638 ut
1709 596 1773 638 ait

217 663 451 716 Schaefer,
498 665 680 719 longius
723 679 750 708 a
791 665 973 720 vulgari
1014 664 1290 710 Graecorum
1336 680 1544 709 sermone
1590 665 1769 709 recedit.

218 734 440 779 Concedo.
511 734 603 779 Sed
640 737 945 792 reputandum
983 740 1052 780 est
1088 736 1169 780 illa
1206 735 1349 780 verba
1386 739 1504 787 καλὸς
1539 740 1583 780 et
1619 736 1775 791 ἀγαθὸς

217 809 366 849 aetate
395 805 719 863 Antiphontea
749 820 844 850 non
876 808 1010 851 modo
1043 810 1137 850 non
1170 807 1422 851 constantis
1454 806 1674 851 formulae
1704 805 1771 850 lo-

217 891 321 921 cum
353 876 619 929 obtinuisse,
651 878 732 922 sed
762 892 820 921 ne
851 878 959 922 trita
991 879 1176 934 quidem
1205 877 1344 922 fuisse
1375 879 1535 922 eodem
1558 892 1645 935 quo
1667 881 1772 934 post

216 946 415 992 Socratis
446 949 716 992 memoriam
747 962 896 993 sensu.
967 948 1095 1002 Quae
1128 949 1337 1007 quamvis
1369 949 1433 992 ita
1465 949 1576 1001 sint,
1615 953 1771 993 tamen

216 1033 310 1063 non
340 1018 528 1073 Ignatio'
560 1021 817 1077 adstipulor
847 1037 888 1063 τε
919 1022 978 1064 ad
1011 1020 1206 1064 alterum
1237 1023 1299 1063 καὶ
1329 1018 1548 1063 referenti.
1624 1018 1770 1063 Immo

216 1106 257 1132 τε
288 1092 352 1132 καὶ
381 1094 502 1134 arcte
534 1088 884 1134 cohaerentibus
917 1092 1036 1141 καλὸς
1065 1094 1109 1134 et
1140 1091 1298 1146 ἀγαθὸς
1325 1091 1373 1133 in
1404 1104 1549 1133 unum
1581 1088 1771 1134 confun-

217 1162 322 1205 dere
354 1162 555 1205 voluisse
588 1165 811 1205 oratorem
842 1175 1111 1218 persuasum
1142 1162 1305 1213 habeo,
1338 1162 1403 1204 ita
1433 1165 1484 1204 ut
1514 1160 1587 1203 his
1618 1160 1770 1204 verbis

215 1245 323 1284 una,
355 1233 466 1290 φίλος
493 1231 633 1276 verbo
666 1232 811 1276 altera
842 1231 1057 1276 Philonei
1087 1232 1233 1275 virtus
1265 1232 1611 1288 praedicaretur.

334 1302 643 1347 Transeamus
665 1317 789 1347 nunc
811 1304 870 1347 ad
891 1317 1060 1347 novam
1078 1302 1387 1359 >Antiphontis
1415 1303 1464 1345 in
1486 1319 1527 1344 τε
1548 1304 1610 1345 καὶ
1631 1303 1771 1358 parti-

216 1373 423 1416 cularum
454 1386 540 1416 usu
573 1373 910 1428 proprietatem.
964 1372 1165 1416 Fuhrius
1187 1373 1235 1415 in
1257 1372 1375 1415 Mus.
1400 1371 1489 1416 Rh.
1515 1373 1585 1424 23,
1617 1386 1660 1428 p.
1686 1372 1740 1416 57
1744 1371 1771 1415 8

216 1456 310 1499 sqq.
336 1441 457 1486 hanc
483 1441 634 1498 legem
657 1443 909 1486 constituit:
954 1442 1066 1494 „Die
1088 1442 1273 1486 Redner
1295 1442 1434 1496 (auch
1455 1442 1770 1486 Anaximenes

215 1513 314 1556 und
361 1513 440 1557 der
481 1511 718 1557 Verfasser
762 1527 870 1557 vom
910 1512 1068 1558 Staate
1116 1514 1194 1557 der
1232 1512 1459 1568 Athener)
1508 1512 1770 1557 vermeiden

217 1582 387 1626 ebenso
425 1584 512 1626 wie
551 1583 623 1627 die
657 1582 869 1627 officielle
900 1578 1123 1640 Sprache,
1162 1584 1233 1627 die
1271 1583 1351 1626 auf
1378 1584 1466 1627 den
1497 1582 1771 1627 Inschriften

217 1651 465 1706 erscheint,
505 1653 595 1698 fast
632 1667 752 1708 ganz
791 1655 864 1698 die
896 1653 1202 1707 Verbindung
1224 1668 1275 1696 τε
1307 1656 1392 1696 affl
1429 1654 1473 1709 (i.
1509 1668 1544 1697 e.
1579 1654 1770 1698 alterum

215 1724 345 1767 iuxta
382 1724 576 1768 alterum
612 1724 848 1781 positum).
914 1723 1151 1768 Tabellam
1189 1729 1361 1776 autem,
1400 1737 1537 1780 quam
1569 1723 1771 1773 Fuhrius

215 1795 412 1847 addidit,
460 1795 878 1851 contemplantibus
926 1796 1181 1839 accuratius
1229 1795 1293 1839 sic
1334 1795 1630 1839 iudicandum
1672 1808 1771 1838 esse

214 1864 346 1908 nobis
378 1865 576 1910 videtur:
611 1879 701 1922 quo
733 1865 1047 1921 perfectiorem
1078 1867 1272 1920 gradum
1305 1879 1455 1909 sermo
1484 1865 1665 1909 Atticus
1698 1879 1771 1909 as-

215 1935 381 1987 cendit,
414 1949 466 1979 eo
497 1936 648 1989 magis
680 1952 722 1977 τε
753 1938 815 1978 καὶ
845 1936 1035 1979 voculae
1057 1936 1188 1979 iuxta
1209 1936 1387 1991 positae
1408 1936 1624 1979 vitantur.
1671 1935 1770 1978 Iam

214 2005 555 2062 subsequantur
581 2005 745 2049 Fuhrii
775 2005 915 2050 verba
948 2008 1006 2062 (p.
1033 2005 1160 2059 582):
1215 2005 1343 2058 „Wir
1364 2005 1507 2050 sehen
1528 2008 1661 2049 unter
1682 2006 1770 2049 den

214 2075 477 2133 Beispielen
510 2091 585 2121 am
606 2078 802 2122 meisten
824 2082 1051 2122 verti-eten
1074 2077 1391 2133 pronominale
1409 2075 1769 2131 Verbindungen

215 2149 306 2204 (ἐμέ
341 2165 383 2190 τε
421 2150 484 2190 καὶ
519 2150 701 2204 ἑαυτὸν),
740 2147 1130 2204 sprichwortliche
1167 2147 1483 2191 Redensarten
1521 2152 1606 2201 (νῦν
1637 2164 1678 2189 τε
1709 2150 1771 2189 καὶ

214 2219 422 2276 πρότερον,
455 2219 532 2261 ἄνα
564 2235 605 2261 τε
636 2221 698 2261 καὶ
719 2221 845 2274 κάτω)
868 2219 979 2262 zwei
1000 2219 1304 2262 Zeitw'ol'ter“.
1360 2217 1535 2271 Quodsi
1557 2231 1660 2261 cum
1682 2217 1770 2261 hac

212 2302 328 2344 pura
373 2288 633 2333 Atticorum
684 2289 858 2332 ratione
902 2288 1270 2345 Antiphonteam
1323 2301 1652 2344 comparamus,
1699 2288 1769 2330 in-

215 2358 406 2413 signiter
437 2358 645 2411 elucebit,
679 2363 902 2416 quantum
935 2358 992 2403 ab
1020 2358 1102 2402 illa
1124 2359 1347 2415 discrepet
1368 2361 1413 2401 et
1434 2361 1658 2414 quatenus
1681 2357 1768 2401 hoc

215 2443 395 2485 quoque
431 2430 480 2472 in
519 2443 605 2472 usu
640 2433 882 2485 poetarum
921 2429 1116 2484 vestigia
1155 2432 1476 2484 consequatur:
1510 2430 1535 2471 I
1569 2428 1625 2471 14
1656 2429 1773 2478 καλός

213 2516 255 2542 τε
292 2501 355 2542 καὶ
385 2499 560 2554 ἀγαθὸςς
598 2498 656 2543 20
688 2498 796 2556 ὑμεῖς
824 2516 865 2542 τε
893 2501 954 2542 καὶ
981 2501 1018 2541 οἱ
1047 2499 1153 2551 θεοὶ;
1186 2499 1284 2542 sim.
1321 2497 1397 2550 23;
1432 2497 1506 2549 283
1538 2499 1575 2541 V
1595 2497 1674 2549 4l;
1706 2498 1769 2541 VI

213 2569 290 2622 50;
323 2570 434 2613 item
466 2569 515 2613 in
546 2568 709 2614 tetrall.
742 2571 795 2613 II
827 2570 921 2621 373
952 2571 1032 2613 III
1064 2568 1156 2621 383
1189 2570 1255 2613 IV
1287 2586 1313 2611 α
1338 2569 1381 2620 1;
1417 2586 1441 2623 r
1463 2569 1498 2612 1.

330 2639 575 2684 Praeterea
592 2642 744 2683 autem
761 2644 967 2683 nostrum
984 2641 1077 2684 iam
1093 2640 1140 2683 id
1157 2641 1308 2696 ipsum
1322 2643 1563 2695 spectasse,
1581 2642 1633 2682 ut
1645 2640 1768 2683 inso-

211 2710 343 2755 litam
375 2709 505 2754 illam
537 2708 882 2754 collocationem
914 2710 1116 2762 evitaret,
1149 2708 1382 2753 nonnullis
1415 2708 1634 2765 exemplis
1656 2709 1768 2752 mire

213 2779 507 2824 conformatis
537 2779 676 2836 plane
709 2783 753 2822 et
782 2780 1020 2836 perspicue
1053 2779 1383 2836 comprobatur.
1440 2778 1577 2822 Velut
1607 2781 1633 2823 I
1663 2779 1717 2823 18
1745 2782 1767 2820 ὁ
