1963 3126
863 213 1099 251 -56-

210 320 309 363 eine
340 318 483 362 losere
514 318 587 370 ist,
621 318 689 361 als
727 317 1245 375 Uebergangspartikel:
1284 317 1504 370 „ferner“;
1542 319 1580 363 2.
1607 310 1761 362 Wenn

211 389 284 433 die
314 387 587 445 Beziehung
624 402 763 444 enger
800 389 879 434 ist:
924 396 1001 442 „so
1034 390 1200 442 denn“‚
1243 388 1484 443 „daher““,
1523 403 1638 448 quae
1668 390 1761 433 usi-

208 460 437 503 tatissima
476 463 555 503 est.
625 459 725 503 Iam
762 474 868 503 vero
908 474 1011 504 cum
1049 461 1173 516 apud
1209 464 1419 504 nostrum
1455 462 1599 504 rarius
1632 461 1679 516 (7
1702 461 1761 515 ><)

208 531 257 574 in
299 544 438 574 usum
482 531 641 574 veniat
685 531 826 582 τοίνυν,
869 530 949 573 vix
987 530 1231 587 quicquam
1271 531 1366 574 eius
1403 532 1576 587 proprii
1612 533 1763 587 potest

210 601 437 644 constitui.
487 599 660 643 Verum
691 600 779 644 hoc
800 600 992 644 fortasse
1013 601 1441 645 commemoratione
1466 601 1658 655 dignum
1681 605 1761 652 est,

210 671 333 728 quod
365 685 418 715 ea
448 675 643 724 tantum,
676 685 814 728 quam
848 670 989 716 altero
1021 671 1119 715 loco
1150 671 1303 728 posuit
1330 670 1684 726 Rosenbergius,
1716 670 1763 714 vi

208 746 474 798 usurpatur;
506 756 733 798 nusquam
764 743 903 796 igitur
933 740 1289 798 deprehenditur
1319 742 1369 785 in
1400 743 1681 793 transitione,
1713 742 1762 784 in

211 827 303 870 qua
347 814 519 857 auctori
562 813 628 856 rei
673 812 884 869 publicae
921 812 1296 864 Atheniensium,
1345 811 1628 857 Rhamnusii
1672 811 1765 856 fere

210 884 409 941 aequali,
450 888 494 928 et
524 883 758 928 Andocidi
795 883 1034 928 familiaris
1071 883 1238 928 locutio
1271 887 1339 927 est
1369 885 1470 942 φέρε
1501 885 1550 943 δὴ
1580 884 1702 926 τοίνυν
1715 884 1759 937 ¹).

209 955 370 1011 Neque
413 969 521 999 vero
566 954 907 1009 neglegendum
946 959 1033 1006 est,
1072 955 1119 997 id
1151 955 1273 1010 quod
1305 952 1521 998 Schaefer
1556 953 1764 997 laudavit

212 1024 259 1080 (1.
296 1039 330 1069 e.
364 1039 407 1082 p.
433 1024 529 1080 53),
568 1025 691 1067 τοίνυν
730 1024 944 1068 omnibus
984 1038 1067 1068 orr.
1102 1025 1139 1068 V
1171 1027 1215 1067 et
1245 1024 1308 1068 VI
1339 1024 1450 1068 locis
1483 1037 1584 1068 cum
1615 1023 1764 1079 prima

209 1108 408 1150 persona
440 1094 663 1150 copulari,
701 1093 754 1137 cf.
789 1095 825 1137 V
856 1094 914 1138 60
944 1095 1047 1148 λέγω
1078 1095 1200 1136 τοίνυν
1230 1093 1307 1137 vel
1337 1093 1393 1137 66
1421 1096 1476 1151 μὴ
1508 1095 1630 1141 τοίνυν
1661 1095 1764 1149 ἐμοὶ

210 1166 379 1224 νεῷιιητες
411 1165 510 1208 Sim.
544 1162 621 1216 833
652 1165 714 1208 VI
746 1164 821 1215 26;
853 1164 921 1208 31.

327 1234 416 1278 His
453 1236 593 1290 igitur
629 1235 887 1291 explanatis
927 1236 986 1278 ad
1022 1233 1164 1278 finem
1195 1233 1336 1277 huius
1370 1234 1762 1278 commentationis

210 1307 515 1362 pervenimus.
569 1304 783 1362 Namque
816 1318 869 1349 ea
901 1319 1017 1362 quae
1047 1308 1294 1362 supersunt
1315 1305 1617 1357 conclusivae,
1650 1305 1762 1362 ἄρα,

211 1378 505 1434 τοιγάρ(τοι)
539 1380 797 1434 τοιγαροῦν
829 1380 909 1420 aut
939 1373 1170 1420 rarissime
1202 1379 1280 1420 aut
1308 1376 1493 1420 omnino
1522 1389 1614 1419 non
1635 1375 1762 1418 inve-

210 1448 412 1499 niuntur,
444 1448 509 1490 ita
539 1451 591 1491 ut
621 1446 766 1490 fusius
797 1461 891 1491 non
918 1447 1097 1503 possint
1125 1448 1319 1491 tractari.
1378 1448 1461 1504 ἄρα
1483 1446 1608 1503 apud
1629 1445 1763 1490 Anti-

210 1517 432 1575 phontem
475 1532 567 1562 uno
611 1517 711 1562 loco
757 1519 883 1562 codd.
924 1522 1129 1562 servatur
1167 1519 1229 1562 v1
1270 1518 1290 1561 1
1331 1520 1366 1560 εἶ
1403 1518 1440 1560 δ’
1480 1518 1561 1575 ἄρα
1598 1533 1653 1567 τις
1686 1518 1762 1558 κτλ.

213 1588 396 1632 Addere
428 1587 577 1639 liceat,
611 1602 726 1644 quae
759 1589 814 1631 de
846 1587 934 1632 hac
965 1587 1190 1643 particula
1222 1587 1444 1639 Kalinka‚
1475 1587 1504 1631 1.
1530 1601 1564 1631 θ.
1596 1601 1638 1642 p.
1664 1586 1763 1638 208,

210 1656 468 1714 profitetur:
506 1656 858 1714 „Antiquissimi
874 1657 1031 1710 Attici,
1053 1658 1215 1714 inquit,
1234 1657 1384 1712 magis
1402 1657 1614 1700 minusve
1633 1670 1764 1700 cave-

210 1732 331 1779 runt,
363 1743 420 1772 ne
452 1730 535 1785 ἄρα
567 1742 672 1771 cum
705 1728 808 1771 aliis
841 1728 993 1771 verbis
1026 1743 1162 1783 quam
1195 1730 1321 1782 (sici)
1355 1742 1459 1770 cum
1487 1728 1764 1770 coniunctio-

210 1797 349 1842 nibus
396 1800 544 1854 εέ(ἐὰν)
590 1803 633 1842 et
676 1801 733 1849 ὡς
771 1798 1148 1852 coniungerent&
1192 1798 1240 1841 id
1279 1797 1401 1854 quod
1438 1793 1517 1840 illo
1556 1797 1763 1853 exemplo

211 1867 534 1912 confirmatum
566 1869 708 1912 vides.

328 1941 528 1997 τοιγάρτοι
559 1942 604 1983 et
635 1942 844 1997 τοιγαροῦν
867 1952 982 1996 quae
1005 1939 1127 1996 apud
1150 1943 1318 1983 ceteros
1341 1938 1580 1995 scriptores
1602 1951 1763 1995 parum

211 2010 572 2067 frequentantur,
602 2010 949 2065 Antiphonteae
972 2009 1217 2053 elocutioni
1238 2024 1423 2066 prorsus
1446 2006 1621 2052 alienae
1643 2013 1761 2052 sunt.

306 2799 334 2843 ¹)
361 2799 408 2833 cf.
435 2799 620 2840 Kalinka,
645 2799 669 2831 1.
690 2808 720 2831 c.
738 2808 775 2840 p.
796 2798 873 2831 190.
