1963 3126
868 256 1102 295 ...37-

210 364 340 420 ἄνδρα
370 362 599 420 ἠφάνισαν)
623 364 679 419 μὴ
701 362 844 420 ἤθελον
864 363 1061 412 ἐκδοῦναι;
1092 360 1213 413 82,3;
1245 359 1365 412 66,5;
1396 359 1517 412 84,3;
1546 361 1611 404 VI
1635 359 1753 412 l3,7;

213 432 310 485 172
347 433 539 474 κελεύσειε
576 464 586 473 .
610 464 620 473 .
644 464 654 474 .
694 431 719 490 ἢ
755 433 973 490 ἠνάγκασεν
1010 430 1034 490 ἢ
1072 431 1237 482 ἔδωκεν;
1281 430 1452 482 27,2-4;
1491 430 1610 482 32,7;
1652 430 1751 481 47,1

209 508 293 554 πῶς
326 503 374 545 ἂν
411 535 421 544 .
452 534 461 544 .
493 535 503 544 .
541 505 813 563 σχετλιώτεροι
850 502 874 562 ἢ
912 505 1156 560 ἀνομώτεροι
1189 502 1377 557 γένοιντος
1415 501 1587 554 49,1-3,
1625 501 1753 546 cuius

210 572 493 619 simillimum
528 577 595 617 est
627 573 790 625 5·1,1-3.

324 643 477 700 Atque
507 656 565 687 ne
595 643 861 698 tetralogias
900 644 1083 700 quidem
1114 642 1238 686 haecv
1259 642 1538 686 consuetudo
1568 655 1753 699 prorsus

210 713 402 758 deficere
433 714 633 759 Videtur:
665 716 718 759 II
750 716 776 757 ὃ
804 713 877 767 SA
907 715 1044 757 ὁπόσοι
1065 746 1075 756 .
1099 746 1109 756 .
1134 746 1143 756 .
1168 714 1305 761 δοῦλοί
1326 731 1395 770 μοι
1427 713 1451 772 ἢ
1479 714 1620 757 ὃοῦλαί
1642 715 1752 762 eiam:

207 786 271 829 IV
292 802 318 827 α
340 784 424 837 3‚4.
443 787 479 826 οἱ
510 787 619 843 παρὰ
647 788 690 827 τὸ
713 786 858 827 δίκαιον
880 786 1072 843 κρίνοντες
1090 784 1115 844 ἢ
1132 788 1443 842 μαρτυροῦντες;
1474 785 1507 838 β
1525 784 1597 835 2‚4
1617 785 1652 826 εἷ
1672 815 1682 825 .
1707 815 1716 825 .
1741 815 1751 825 .

208 856 359 913 σιδήρῳ
391 854 416 913 ἢ
447 856 549 912 λίθῳ
580 855 604 913 ἢ
637 857 740 912 ξύλῳ
770 857 983 914 ἠμυνάμην.

730 1170 758 1227 ἢ
788 1169 1231 1224 comparativum.

323 1263 348 1321 ἢ
378 1266 482 1319 post
505 1264 838 1319 comparativos
860 1262 1040 1306 illatum
1060 1277 1141 1320 per
1163 1277 1211 1306 sc
1233 1276 1327 1306 non
1348 1261 1489 1306 habet
1510 1263 1752 1320 quicquam

208 1332 453 1387 singulare.
517 1332 854 1393 Antiphontem
886 1337 1036 1384 autem
1068 1332 1191 1376 hanc
1223 1333 1473 1389 dictionem*
1498 1334 1546 1376 in
1578 1332 1752 1376 deliciis

206 1402 376 1446 habere
397 1403 618 1446 videmus.
672 1402 797 1447 Haeo
820 1403 940 1446 enim
962 1404 1011 1445 in
1031 1402 1110 1446 illo
1133 1402 1461 1447 antithetorum
1482 1416 1646 1457 genere
1669 1407 1751 1454 est,

208 1472 329 1528 quod
352 1472 602 1528 priscorum
626 1473 914 1529 maximeque
929 1471 1230 1529 'Antiphontis
1246 1473 1479 1529 proprium
1499 1486 1595 1516 esse
1612 1486 1751 1528 supra

208 1543 663 1586 commemoravimus
697 1546 757 1598 (p.
784 1541 845 1594 8).
909 1541 1184 1586 Huiusmodi
1215 1542 1324 1586 sunt
1354 1544 1379 1586 Ι
1411 1541 1511 1594 272
1541 1543 1659 1584 ἐλεεῖν
1689 1544 1750 1584 ἐπὶ

207 1617 285 1663 τοῖς
320 1613 513 1662 ἀκουσίοις
548 1614 751 1670 παθήμασι
784 1614 934 1669 μᾶλλον
970 1614 1158 1670 προσήκει
1194 1613 1218 1670 ἢ
1257 1617 1336 1662 τοῖς
1372 1613 1573 1663 ἑκουσίοιςς
1611 1613 1647 1654 V
1678 1612 1748 1663 5,3

207 1684 389 1740 ἀπειρίᾳ.
406 1714 415 1723 .
432 1715 441 1723 .
470 1685 618 1738 μᾶλλον
648 1683 672 1740 ἢ
705 1684 834 1739 ἀδικίᾳ
866 1687 910 1725 ot
939 1687 1045 1738 post
1074 1697 1221 1738 pauca
1253 1684 1421 1740 ἀληθείᾳ
1446 1685 1596 1738 μᾶλλον
1626 1683 1649 1739 ἢ
1673 1684 1746 1725 δει-

207 1753 349 1810 νότητις
388 1766 482 1795 non
520 1766 649 1795 secus
687 1752 829 1804 6,4-5;
872 1751 987 1804 18,6;
1027 1752 1145 1803 21,6;
1185 1752 1357 1804 42‚6-7;
1395 1751 1544 1804 69‚10;
1576 1751 1748 1803 73,1-2;

206 1823 328 1875 79,2;
366 1824 429 1866 VI
464 1822 532 1873 LS
569 1824 664 1881 τύχῃ
691 1825 839 1878 μᾶλλον
869 1823 893 1880 ἢ
925 1824 1055 1881 ἀὸικίᾳ
1087 1822 1157 1878 (Of.
1191 1822 1235 1865 V
1258 1822 1419 1874 6,4-5);
1455 1822 1573 1875 ΙΟ,9;
1608 1821 1746 1873 18,11.

322 1891 531 1936 Eandem
568 1892 791 1936 rationem
829 1896 963 1950 atque
995 1905 1095 1936 eam
1127 1906 1220 1936 non
1251 1893 1395 1936 rarius
1426 1892 1672 1950 reperimus
1703 1892 1750 1935 in

206 1963 632 2006 declamationibus:
670 1966 722 2007 II
742 1965 775 2017 β
794 1964 864 2014 3,7
887 1965 1112 2006 διακωλύειν
1128 1966 1277 2019 μᾶλλον
1297 1965 1321 2021 ἢ
1344 1963 1461 2006 αὐτὸν
1483 1965 1751 2020 ἐργασάμενον

206 2035 261 2085 εἷς
296 2033 567 2085 ἑκουσίους...
608 2033 789 2090 ,ὑποψίας
824 2034 1019 2091 ἐμπεσεῖν;
1051 2032 1143 2086 8,4;
1178 2050 1201 2088 γ
1231 2033 1323 2086 5,1;
1355 2032 1446 2085 9,2;
1478 2033 1504 2075 ὃ
1533 2031 1626 2085 2,8;
1657 2032 1749 2084 4,3;

205 2104 262 2147 ib.
298 2104 396 2154 5-6;
429 2104 571 2155 5,4-5;
603 2104 747 2155 8,l-2;
779 2106 842 2147 IV
872 2107 905 2157 ,Β
933 2104 1024 2155 8,2;
1057 2107 1084 2145 ὃ
1115 2106 1204 2155 1‚3;
1238 2105 1330 2155 5‚4;
1363 2104 1434 2155 (3.4
1466 2108 1511 2147 et
1542 2104 1631 2155 5-6.

322 2172 588 2218 Notandum
620 2176 688 2218 est
708 2171 1047 2230 Antiphontem
1077 2186 1218 2230 aeque
1244 2186 1296 2217 ac
1319 2177 1490 2217 ceteros
1512 2173 1750 2230 scriptores

206 2246 349 2286 αᾶλλον
387 2245 411 2302 ἢ
443 2243 630 2287 voculas
662 2248 782 2287 arcte
815 2257 1083 2299 componere
1115 2244 1279 2294 solere,
1317 2244 1382 2286 ita
1412 2248 1463 2286 ut
1492 2257 1632 2299 prope
1664 2243 1751 2286 sor-

206 2314 357 2358 mulae
388 2314 585 2371 speciem
616 2314 803 2358 induere
834 2314 1088 2358 videantur.
1153 2311 1255 2367 Qua
1286 2327 1332 2357 rc
1363 2312 1436 2366 fit,
1476 2317 1528 2357 ut
1557 2313 1749 2370 proprie,

207 2386 418 2440 quamvis
441 2386 775 2442 comparativus
796 2385 1053 2442 praecedat,
1077 2389 1231 2428 tamen
1252 2386 1276 2444 ἢ
1297 2385 1546 2442 particulae
1566 2386 1751 2441 insuper

201 2457 349 2510 μᾶλλον
384 2454 671 2512 praefigatur.
735 2455 853 2499 Ecce
891 2454 1101 2512 exempla
1136 2457 1173 2499 V
1196 2455 1251 2499 59
1282 2458 1343 2506 σοὶ
1368 2458 1544 2512 μᾶλλον
1574 2457 1654 2510 ἐγὼ
1685 2457 1750 2512 τὴν

207 2526 400 2581 πρόφασιν
435 2527 576 2583 ταύτην
607 2525 732 2584 ἔχοιμ’
765 2527 836 2567 ἂν.
854 2557 889 2567 ..
923 2527 1177 2568 ἀναθεῖναι..
1195 2557 1204 2567 .
1233 2528 1409 2582 μᾶλλον
1439 2526 1463 2584 ἢ
1495 2527 1542 2568 σὺ
1563 2526 1665 2581 ἐμοῖς
1697 2526 1748 2567 ΙΙ

205 2594 239 2647 β
255 2593 283 2637 8
321 2596 562 2653 εἷκύτερον
598 2596 720 2654 ἦν...
759 2596 1015 2652 φυλάξασθαι
1046 2597 1108 2637 καὶ
1133 2597 1189 2653 μὴ
1221 2596 1521 2653 παραγενέσθαι
1552 2597 1608 2651 τῷ
1639 2593 1748 2651 ἔργῳ

207 2666 378 2707 αᾶλλον
407 2666 432 2724 ἢ
463 2670 598 2709 τοῦτον
629 2667 893 2723 σφαττόμενον
923 2667 1062 2724 ὀρθῶς
1091 2671 1243 2721 γνῶναι.
