1963 3126
211 310 324 351 tima
354 309 529 352 ratione
562 321 665 351 eum
697 305 940 350 abhorrere
970 307 1194 350 videmus.
1245 305 1398 350 Causa
1428 314 1540 351 vero
1566 307 1650 352 tibi
1679 309 1763 352 cir-

213 377 528 433 cumspicienti
545 376 659 421 haec
676 377 836 420 eadem
852 376 1094 429 videbitur,
1117 377 1238 433 quod
1254 377 1350 421 eius
1369 376 1561 421 elocutio
1582 379 1767 438 „eo‘revssyg

212 452 273 490 καὶ
309 451 411 505 ἁπλῆ
448 450 510 489 καὶ
547 449 743 505 ἐλευθέρα
782 461 882 492 esse
921 462 1059 504 quam
1091 449 1286 506 ἀναγκαίᾳ
1317 449 1535 507 ἀκολουθίᾳ
1566 450 1759 492 servire“

210 518 401 563 mavult.
455 517 554 562 Iam
585 517 812 575 perlustra
842 517 958 562 mihi
990 518 1218 576 exempla:
1251 520 1287 563 V
1308 518 1366 564 29
1397 524 1553 577 πρῶτον
1568 520 1765 576 μὲν-καὶ

210 590 536 647 ἐπειδὴ-ἐπειδὴ
568 590 631 638 ὃὲ;
662 589 799 633 40-41
835 594 990 646 πρῶτον
1016 591 1322 645 μὲν-ὂὲ-ὃὲς
1358 590 1412 633 14
1435 591 1555 633 =VI
1578 589 1604 632 2
1632 591 1764 645 μὲν-

210 659 354 701 ἔπειτα.
408 658 547 701 Haud
575 659 733 714 paucis
757 663 910 715 autem
932 659 1044 702 locis
1066 660 1158 702 tale
1181 658 1505 711 anacoluthon,
1537 663 1587 702 ut
1609 665 1765 716 πρῶτον

209 730 278 773 μὲν
315 727 495 772 nullum
535 729 720 773 omnino
758 728 932 774 habeat
970 731 1199 774 comitem:
1246 731 1283 773 V
1313 728 1359 780 8;
1398 729 1444 781 9;
1481 729 1557 781 21;
1594 730 1657 773 VI
1693 729 1764 781 15;

209 802 289 843 III
322 801 348 841 ὃ
377 800 425 849 3;
456 801 520 842 IV
555 817 579 853 γ
607 799 634 842 2
665 799 749 843 bis.

330 869 536 926 Asperae
557 884 689 927 porro
706 869 1009 927 Antiphontis
1033 871 1379 915 consuetudinis
1404 874 1472 914 est
1488 873 1764 914 structuram

210 940 474 984 inchoatam
505 941 571 984 ita
602 940 858 995 neglegere,
890 945 941 984 ut
972 945 1076 997 post
1102 943 1175 998 μὲν
1207 946 1287 984 aut
1309 942 1356 983 δὲ
1377 941 1561 985 omnino
1584 941 1764 984 omitta-

209 1015 285 1055 tur
317 1015 398 1055 aut
430 1010 523 1054 alia
552 1016 754 1067 ponatur
784 1011 1029 1068 particula;
1060 1011 1188 1055 velut
1218 1013 1271 1055 II
1293 1029 1319 1053 α
1340 1011 1367 1055 7
1401 1014 1446 1054 et
1477 1012 1503 1052 ὃ
1521 1010 1550 1054 4
1577 1010 1652 1067 μὲν
1683 1024 1764 1054 vo-

213 1082 342 1125 culae
378 1081 510 1125 nulla
548 1082 797 1137 respondet
827 1081 885 1125 ὂὲ.
950 1081 1052 1125 Huc
1084 1082 1219 1125 etiam
1252 1081 1483 1138 pertinent
1514 1081 1550 1124 V
1582 1080 1657 1132 30;
1690 1080 1765 1131 54;

212 1154 274 1195 VI
307 1152 353 1204 9,
394 1152 472 1194 ubi
504 1152 677 1207 duplici
704 1152 780 1208 μὲν
812 1154 1057 1208 opponitur
1087 1153 1282 1208 simplex
1314 1152 1372 1195 δὲ.
1444 1151 1580 1194 Aliae
1611 1154 1765 1194 autem

210 1222 485 1279 particulam
517 1220 593 1278 μὲν
632 1222 866 1278 excipiunt
903 1221 977 1267 his
1015 1221 1147 1267 locis:
1195 1224 1220 1267 I
1261 1221 1315 1267 18
1353 1224 1469 1273 ἀλλὰ;
1506 1222 1543 1266 V
1577 1221 1650 1274 19;
1689 1220 1764 1272 86;

211 1294 273 1336 VI
305 1292 351 1343 33
392 1292 466 1343 18,
503 1292 655 1335 21-22
688 1294 839 1348 μέντοις
884 1294 920 1335 V
952 1293 1008 1336 52
1047 1295 1186 1345 καίτοι;
1230 1294 1293 1337 VI
1327 1294 1382 1337 14
1421 1296 1483 1335 καὶ
1520 1295 1584 1349 (=
1617 1293 1764 1335 καίτοιῬ

212 1362 262 1406 cf.
297 1362 545 1406 Maetzner.
579 1364 639 1406 ad
675 1362 714 1405 V
747 1363 803 1407 57
837 1367 881 1406 et
914 1362 980 1405 VI
1010 1363 1099 1417 46).

327 1431 489 1488 Neque
526 1445 634 1475 vero
678 1446 856 1488 semper
892 1433 1225 1476 sententiarum
1262 1445 1434 1476 nexum
1471 1431 1766 1476 anacoluthia

210 1503 434 1545 violatum
474 1515 575 1545 esse
613 1503 891 1545 crediderim.
956 1502 1141 1545 Etenim
1181 1502 1469 1558 exploratum
1506 1506 1574 1545 est
1605 1504 1679 1558 μὲν
1710 1515 1765 1545 ex

206 1575 283 1631 μὴν
313 1572 554 1628 particula,
588 1585 702 1628 quae
736 1571 1038 1616 confirmandi
1070 1573 1455 1629 asseverandique
1477 1573 1525 1616 vi
1558 1574 1621 1627 (=
1643 1585 1764 1624 vero,

211 1643 392 1696 gewiss,
425 1641 646 1696 fiirwahr)
679 1646 747 1686 est
778 1643 1006 1698 praedita,
1044 1647 1328 1687 attenuatam
1360 1644 1483 1700 apud
1513 1641 1765 1686 Homerum

210 1714 497 1768 tragicosque
521 1716 565 1756 et
586 1711 871 1756 Herodotum
895 1715 1064 1756 centies
1086 1713 1173 1756 hoc
1195 1727 1333 1757 sensu
1355 1715 1576 1768 usurpari.
1632 1712 1765 1756 Tem-

210 1796 373 1839 porum
405 1786 560 1825 autem
593 1783 708 1825 serie
740 1781 840 1825 sola
856 1784 929 1838 μὲν
950 1782 1117 1826 vocula
1137 1781 1260 1837 hanc
1280 1783 1530 1836 genuinam
1551 1783 1647 1825 vim
1667 1796 1765 1825 ma-

211 1853 282 1906 gis
314 1853 553 1907 magisque
586 1851 762 1902 abiecit,
794 1852 858 1894 ita
889 1857 939 1895 ut
969 1853 1018 1894 in
1049 1852 1195 1906 proba
1225 1854 1474 1905 graecitate
1504 1853 1690 1895 nonnisi
1717 1853 1765 1894 in

213 1922 344 1965 certis
377 1921 651 1977 quibusdam
680 1921 987 1965 locutionibus
1012 1935 1114 1965 eam
1135 1923 1384 1973 retinuerit,
1417 1920 1545 1966 velut
1565 1924 1665 1975 (καὶ)
1694 1923 1766 1978 μὲν

213 1993 275 2050 δὴ,
304 1993 377 2048 μὲν
408 1992 490 2040 οὖν,
524 1993 623 2034 πάνυ
649 1993 724 2048 μὲν
755 1992 836 2039 οὖν,
869 1994 971 2042 εἰκὸς
994 1993 1080 2048 μὲν,
1113 1993 1285 2048 ἐγὼμὲν
1306 1993 1412 2048 οἶμαι
1433 1991 1488 2035 al.
1537 1991 1636 2035 Iam
1657 2005 1765 2035 vero

212 2076 316 2106 cum
346 2062 599 2106 identidem
622 2062 911 2112 ostenderim,
945 2076 1083 2118 quam
1111 2063 1340 2106 studiosus
1364 2063 1423 2106 sit
1444 2061 1765 2106 Rhamnusius

211 2134 467 2189 priscorum
505 2136 745 2188 poetarum
785 2136 829 2176 et
865 2131 1086 2176 Herodoti
1124 2133 1343 2184 imitator,
1380 2133 1503 2176 idem
1535 2133 1646 2189 quin
1678 2131 1766 2176 hac

213 2216 389 2259 quoque
421 2203 597 2246 ratione
628 2201 813 2246 illorum
844 2203 1027 2246 insistat
1057 2203 1266 2257 vestigiis
1297 2216 1391 2246 non
1423 2202 1593 2246 dubito.
1663 2202 1767 2256 Qua

211 2274 260 2316 in
283 2274 498 2328 opinione
521 2273 861 2328 quodammodo
883 2286 955 2315 me
977 2273 1261 2326 gravissimis
1279 2272 1518 2315 Kuehneri
1536 2276 1579 2315 et
1595 2272 1766 2316 Baum-

211 2342 339 2386 leinii
376 2343 557 2386 iudiciis
591 2343 801 2386 adiuvari
833 2356 1112 2399 magnopere
1143 2343 1334 2396 gaudeo.
1403 2341 1487 2386 me
1519 2344 1644 2386 enim
1673 2343 1701 2387 1.
1735 2343 1762 2387 l.

212 2428 255 2469 p.
280 2413 365 2458 503
398 2412 512 2456 haec
534 2414 777 2457 scitissime
799 2413 987 2457 iudicat:
1032 2411 1195 2463 „Auch
1217 2413 1307 2456 den
1329 2412 1554 2456 attischen
1575 2412 1766 2456 Schrift-

214 2483 400 2527 stellern
432 2485 491 2527 ist
524 2484 603 2527 der
625 2482 872 2527 Gebrauch
906 2484 986 2526 des
1017 2482 1363 2527 confirmativen
1380 2483 1456 2540 μὲν
1476 2483 1765 2538 keineswegs

213 2552 607 2610 abzusprechen‘⁴;
629 2552 706 2597 hic
726 2552 756 2597 l.
775 2553 802 2596 1.
821 2567 863 2610 p.
887 2552 988 2596 162:
1027 2552 1165 2603 „Man
1186 2567 1314 2597 muss
1338 2554 1482 2597 daran
1504 2552 1765 2606 festhalten,

214 2625 321 2669 dass
355 2626 429 2681 μὲν
466 2623 596 2668 nicht
632 2626 899 2679 notWendig
936 2625 1070 2668 einen
1108 2624 1356 2680 folgenden
1388 2624 1649 2679 Gegensatz
1685 2625 1765 2669 be-

213 2696 358 2749 dingt,
390 2696 591 2739 sondern
624 2693 804 2739 einfach
833 2696 907 2738 die
929 2695 1146 2750 Aussage
1167 2696 1263 2739 und
1285 2694 1471 2752 speciell
1492 2696 1581 2740 den
1601 2710 1766 2740 voran-

214 2764 471 2809 stehenden
492 2763 672 2819 Begriff
698 2763 991 2809 versichert“.
1041 2764 1194 2818 Quare
1224 2765 1294 2809 illi
1324 2766 1509 2818 nodum,
1541 2770 1592 2810 ut
1623 2766 1765 2819 aiunt,
