1963 3126
872 237 1111 277 -23-

213 342 513 398 temporibus,
549 343 873 398 101114Ρ11110115
911 341 1179 386 elocutionis
1217 355 1327 397 prae
1357 356 1404 385 se
1436 341 1521 385 fert
1551 342 1760 398 speciem.

213 412 330 457 Utut
362 417 517 457 autem
547 427 617 457 res
649 427 697 457 se
729 411 889 465 habet,
922 412 1275 469 Antiphontem,
1308 413 1477 469 quippe
1508 414 1762 469 priscorum

214 484 480 528 auctoritate
512 484 711 535 ductum,
744 500 786 526 τε
816 483 1037 539 simplicis
1069 497 1204 526 usum
1235 497 1329 526 non
1360 473 1586 539 respuisse
1609 496 1761 526 exem-

213 553 303 610 plis
336 568 392 597 ex
424 568 506 597 orr.
540 553 563 596 Ι
595 557 639 597 et
668 552 712 596 V
744 554 939 609 sumptis
972 553 1082 597 satis
1115 553 1361 609 probatum
1393 556 1471 595 est.

330 623 583 667 Videamus
616 637 754 675 nunc,
787 612 1010 678 quomodo
1042 637 1112 667 res
1144 636 1193 666 se
1223 622 1395 668 habeat
1426 624 1474 665 in
1495 623 1759 676 tetralogiis.

214 692 428 736 Schaefer
456 692 485 736 1.
509 692 538 736 1.
574 692 786 736 omnibus
817 692 928 736 locis
961 693 1234 736 examinatis
1266 693 1326 735 ad
1359 706 1457 736 eam
1488 692 1762 736 sententiam

214 764 435 808 adductus
470 766 552 815 est,
583 767 634 806 ut
665 779 706 806 τε
737 762 883 807 solam
915 776 942 806 a
974 762 1381 807 declamationibus
1408 762 1763 807 abiudicandam

214 847 311 877 esse
349 833 632 877 existimaret
665 836 727 889 (p.
755 833 843 887 13).
912 831 1049 876 Nunc
1085 847 1193 877 vero
1232 834 1491 889 quindecim
1530 833 1622 877 fere
1653 833 1762 876 locis

214 905 375 960 optimi
418 904 495 960 qui
536 903 741 948 feruntur
777 905 953 948 codices
992 921 1033 947 τε
1071 905 1339 960 simpliciter
1377 909 1646 960 usurpatum
1685 918 1763 948 ex-

212 974 386 1018 hibent.
457 973 605 1026 Quid?
648 987 800 1018 nonne
839 987 866 1018 a
901 974 1124 1030 principio
1162 975 1258 1018 veri
1296 973 1656 1018 dissimillimum
1695 978 1764 1017 est

213 1043 286 1087 his
324 1048 392 1087 tot
427 1044 539 1088 locis
579 1045 787 1088 codicum
818 1045 1088 1099 scripturam
1121 1058 1220 1088 esse
1253 1046 1580 1100 depravatam?
1642 1043 1762 1087 Sane

215 1114 416 1170 quidem!
494 1114 654 1170 Itaque
707 1113 966 1156 cautissime
1014 1115 1245 1168 agendum
1293 1119 1360 1157 est
1407 1119 1451 1158 et
1496 1115 1761 1165 videndum,

215 1185 374 1240 ecquid
408 1185 592 1231 omnino
624 1183 967 1238 tetralogiarum
1002 1185 1211 1240 exempla
1234 1199 1338 1228 cum
1360 1186 1571 1229 sollemni
1594 1202 1634 1228 τε
1656 1199 1761 1241 par-

212 1255 381 1299 ticulae
409 1270 497 1299 usu
525 1256 823 1299 consentiant.
873 1254 994 1297 Nam
1023 1257 1063 1298 si
1084 1257 1149 1298 ita
1171 1256 1526 1311 progrediamur,
1558 1260 1609 1298 ut
1630 1257 1761 1312 quid-

214 1327 323 1382 quid
361 1341 454 1370 non
491 1341 601 1382 pure
640 1327 941 1381 compositum
980 1339 1078 1369 esse
1115 1326 1343 1378 videatur,
1389 1327 1655 1383 coniciendo
1692 1341 1762 1370 re—

212 1410 499 1449 moveamus5
536 1400 635 1440 tum
674 1396 855 1454 quidvis
894 1409 950 1439 ex
981 1396 1141 1453 quovis
1173 1395 1318 1440 facere
1351 1410 1606 1453 possumus.
1670 1394 1761 1439 Sed

215 1468 350 1511 etiam
381 1468 430 1510 in
461 1468 713 1521 tetralogiis
746 1485 787 1509 τε
808 1466 1022 1511 voculam
1045 1481 1179 1510 suum
1201 1467 1369 1511 habere
1391 1467 1542 1511 locum
1566 1481 1622 1510 ex
1643 1468 1762 1510 iusta

213 1538 584 1594 interpretatione
622 1536 740 1581 effici
776 1538 951 1593 poterit.
1015 1536 1156 1581 Velut
1186 1539 1237 1581 II
1269 1555 1295 1579 α
1327 1537 1353 1581 7
1385 1541 1504 1581 recte
1542 1538 1762 1593 scriptum

157 1640 163 1643 -
215 1612 283 1650 est
314 1611 406 1648 ...ὁ
428 1609 625 1664 φόβος...
648 1609 893 1664 θερμότερον
914 1610 1118 1667 ἐπιχειρεῖν
1149 1610 1273 1665 ἐπῇρε
1296 1639 1305 1648 .
1327 1609 1456 1666 ἧλπιζέ
1488 1625 1534 1650 τε
1566 1610 1662 1650 τάδε
1688 1610 1763 1664 μὲν

215 1680 369 1736 δράσας
403 1680 465 1720 καὶ
500 1680 627 1736 λήσειν
659 1679 888 1729 ἀποκτείνας
916 1680 1033 1721 αὐτὸν
1064 1681 1127 1720 καὶ
1157 1680 1455 1735 ἀποφεύξεσθαι
1486 1677 1555 1738 τὴν
1589 1680 1762 1736 γραφῄνς

215 1766 255 1791 τε
287 1750 409 1792 enim
438 1748 663 1805 particula
692 1750 973 1805 praegressis
1006 1749 1292 1792 enuntiatum
1314 1750 1590 1803 adiungitur,
1624 1750 1760 1805 quod,

214 1823 264 1863 ut
286 1818 525 1863 Kuehneri
545 1819 696 1863 verbis
718 1828 833 1872 utar,
861 1820 985 1871 „eine
1007 1819 1289 1874 Erganzung
1313 1857 1320 1864 .
1348 1857 1355 1863 .
1382 1856 1406 1872 .‚
1438 1820 1617 1863 weitere
1639 1819 1760 1863 Aus-

214 1888 442 1945 fiihrung“
479 1890 692 1947 exprimit
722 1911 768 1926 z
804 1889 947 1942 ⁷,auch
978 1889 1120 1934 hoffte
1153 1898 1223 1934 er‘·
1260 1894 1340 1934 etc.
1395 1887 1571 1934 Eodem
1593 1891 1641 1933 in
1662 1889 1761 1933 loco

213 1963 414 2017 positum
458 1975 557 2004 esse
601 1961 751 2004 iudico
788 1963 821 2015 β
852 1962 873 2004 1
914 1966 990 2003 τῶν
1021 1963 1095 2017 μὲν
1125 1992 1135 2002 .
1155 1992 1164 2002 .
1184 1992 1193 2001 .
1230 1962 1356 2003 ἄλλων
1393 1964 1428 2002 οξ
1465 1963 1761 2020 δυστυχοῦντες,

214 2033 359 2074 ὁπόταν
384 2033 457 2089 μὲν
478 2063 554 2080 ...,
595 2034 688 2074 ὅταν
719 2033 765 2074 δὲ
873 2033 942 2074 ἐάν
973 2033 1020 2074 τέ
1051 2049 1105 2083 τις
1134 2032 1230 2091 ἄλλη
1261 2033 1447 2089 συμφορὰ
1480 2032 1759 2088 καταλαμβάνῃ

215 2104 367 2153 αὐτούς,
400 2105 448 2144 τὰ
480 2104 630 2144 ἐναντία
662 2104 929 2159 ἐπιγιγνόμενα
960 2104 1134 2161 ὀνίνησιν,
1167 2103 1248 2146 ubi
1281 2102 1458 2145 duobus
1481 2102 1661 2145 casibus
1682 2116 1760 2158 pe-

216 2171 460 2215 culiaribus
492 2171 720 2226 generalis
753 2173 977 2215 asseritur.
1042 2171 1200 2216 Simile
1232 2173 1343 2228 quid
1374 2173 1569 2228 reperies
1601 2173 1664 2215 Iv
1686 2190 1711 2214 α
1732 2172 1759 2214 4

214 2261 271 2301 Tm
297 2245 370 2300 μὲν
402 2244 640 2285 (iffOdaVUV'C
672 2260 718 2286 Ol)
750 2247 1051 2301 Πμ(ι)0()ῦλῖἒςιι
1065 2275 1074 2284 ο
1107 2244 1327 2302 (λλίΐηρζθλς
1355 2245 1697 2299 5;()!1521..‚2'0bg
1716 2260 1760 2284 ΟΞ

215 2314 421 2372 καθαροὺς
450 2314 597 2364 αὸίκως
624 2314 913 2363 ἀποκτείνοντες
941 2313 1116 2373 ἔνοχοι..
1131 2344 1140 2353 .
1162 2314 1287 2369 ἐσμέν,
1322 2316 1455 2370 ὑμᾶς
1442 2330 1488 2355 τε
1510 2314 1637 2369 ἄνομα
1659 2314 1759 2370 osuiu

215 2387 482 2435 πείθοντες...
514 2386 676 2427 ὑπαίτιοι
710 2386 941 2441 γιγνύμεϋας
973 2384 1048 2428 hic
1080 2384 1210 2428 alteri
1240 2385 1359 2441 parti
1392 2388 1587 2439 (mortuo
1621 2388 1663 2427 et
1684 2397 1756 2427 reo

214 2456 404 2511 insonti)
438 2456 618 2499 additur
639 2456 780 2499 altera
804 2456 1029 2511 (iudices).
1084 2455 1259 2498 Auctor
1280 2456 1418 2510 igitur
1439 2455 1511 2499 his
1533 2454 1644 2499 locis
1665 2468 1757 2497 non

213 2528 440 2584 triplicem
486 2528 777 2583 partitionem
824 2540 923 2570 esse
966 2526 1145 2578 voluit,·
1179 2527 1259 2570 sed
1303 2525 1540 2582 duplicem.
1619 2524 1756 2568 Porro

214 2601 293 2643 III
309 2600 341 2654 β
362 2597 403 2650 8,
434 2597 513 2641 ubi
544 2596 753 2641 Blassius
785 2600 829 2641 et
860 2595 1131 2653 Spengelius
1166 2596 1275 2653 (Rh.
1311 2596 1415 2640 Mus
1450 2596 1624 2649 17,168)
1656 2610 1756 2652 per-

214 2682 372 2725 peram
398 2672 660 2724 proponunt
692 2668 1051 2724 τύ(τε)ἔργον...,
1084 2669 1127 2709 τό
1155 2685 1201 2709 τε
1224 2670 1355 2717 πάθος
1373 2670 1446 2709 κτλ.
1468 2693 1525 2697 —
1555 2668 1633 2709 ΙΙΙ
1658 2683 1681 2720 γ
1703 2666 1756 2709 12

215 2743 452 2795 poetarum
502 2748 626 2782 more
675 2739 762 2781 duo
811 2738 1046 2781 enuntiata
1092 2738 1366 2793 praegressis
1415 2737 1625 2792 deinceps
1677 2737 1757 2779 ad-

214 2813 460 2853 nectuntur
491 2826 532 2851 τε
562 2808 805 2865 particula:
839 2841 848 2850 .
866 2811 1159 2866 ..τιμωρεῖσθε
1190 2809 1318 2855 αὐτόν,
1352 2808 1465 2849 αὐτοί
1492 2823 1540 2849 τε
1562 2809 1618 2864 μὴ
1638 2824 1756 2862 μετα-
